2492 4636
787 319 881 338 .,
998 268 1058 334 cta

7 431 106 498 saucos'
120 423 170 492 sul
195 423 337 515 habehat
371 423 549 501 studiosos·
571 405 866 516 'populoqueeum
894 397 978 494 esset
997 447 1058 492 su-

7 517 90 582 iacta,
109 519 211 596 neque
229 509 359 574 scholas
382 508 522 599 aperire,
543 527 652 606 neque
670 529 793 586 nomen
814 531 913 584 suum
935 511 969 574 iu
982 531 1058 606 pu:

7 537 97 660 licum
115 587 262 678 profiteri
281 571 438 673 audehat3
459 601 492 656 st
514 613 570 680 qur
590 613 658 656 elus
676 591 824 662 studium
842 590 1003 682 colebant,
1031 613 1058 658 n
1090 661 1092 670 ,

7 701 24 741 c
46 671 211 762 Sapientes,
249 673 419 762 sophistas
449 683 506 738 aut
533 671 757 762 Philosophus
784 674 961 738 nominare
987 695 1057 738 non

7 755 180 838 induebant,
200 751 269 835 sed,
286 757 325 820 'ut
342 754 487 822 nominis
505 755 664 830 invidiam
683 745 874 851 effugerent,
894 755 1058 820 musicam
1130 767 1139 790 ‘

7 835 156 920 ,uetabant
185 847 220 902 et
246 857 390 926 praese
409 831 583 918 linebant,¹
602 847 637 902 et
662 837 698 902 in
727 859 796 902 erus
825 837 1058 986 appellationis

7 929 137 988 tonante
158 919 312 986 latebant.
370 919 437 986 Sed
464 925 557 986 ecce!
584 931 676 984 ortus
700 929 747 984 est
767 919 862 984 Peric
878 941 921 1000 es,
957 941 1057 1006 quom

7 1007 63 1069 'nter
77 1021 207 1087 magnos
227 1002 327 1082 viros,
363 1025 446 1090 quos
460 999 609 1067 'Graecia
628 1003 751 1067 multos
774 1001 857 1081 tulit,
891 997 962 1066 lere
981 1000 1057 1066 n‘ra‹

7 1085 98 1150 dmum
118 1083 280 1166 iudicem3
312 1083 365 1148 cni
384 1083 537 1152 Athenae
557 1081 678 1150 debent
698 1083 788 1170 quod
806 1079 961 1150 Athenae
980 1082 1064 1164 sint,

7 1179 22 1230 et
40 1187 157 1230 omnem
183 1165 309 1254 ingenii
336 1175 434 1254 atque
453 1166 634 1264 elegantiae
653 1167 787 1246 landem
813 1176 979 1249 acceptam
999 1187 1058 1228 re·-
1086 1205 1088 1212 ι

7 1249 95 1328 irunt3
114 1247 205 1312 orius
228 1258 260 1314 et
279 1248 382 1313 animi
401 1271 456 1313 ma
502 1247 673 1322 rtudinem,
695 1258 728 1314 ct
745 1245 974 1316 incredibilem
1001 1247 1057 1312 in-

7 1329 64 1417 genii
80 1329 154 1412 vim,
175 1339 209 1394 et
224 1351 278 1396 res
319 1341 404 1396 estas
422 1333 516 1396 nula
532 1317 677 1420 unqu'arn
690 1341 778 1396 aetas
795 1330 872 1396 satis
886 1327 1058 1410 admirari,

7 1433 70 1476 unu
87 1412 276 1478 mortalium
296 1351 463 1480 laudando
485 1435 626 1499 aequare
644 1413 761 1500 possit.
806 1411 838 1478 la
858 1412 958 1500 igitur
978 1433 1057 1476 cum
1081 1449 1082 1454 κ

7 1497 181 1580 hrraaagcrae
201 1493 376 1584 disciplina
395 1495 606 1576 acerrimum,
640 1515 740 1582 quem
765 1515 785 1560 a
805 1503 922 1558 natura
939 1503 1056 1558 nactus
1081 1528 1087 1540 ·

7 1587 55 1646 ent
74 1576 177 1662 pulcri
200 1575 339 1664 verique
364 1597 499 1644 sensum
524 1577 673 1658 acuisset,
710 1575 923 1644 humanitatis
946 1571 1057 1640 studia
1140 1583 1142 1588 ’

7 1679 30 1720 n
43 1657 168 1722 Poiseos
186 1659 352 1746 angustiis,
369 1659 488 1746 quihus
508 1671 603 1726 erant
615 1658 874 1746 circumscripta,
894 1655 1057 1728 liberavit,

7 1761 83 1802 sanim
99 1740 278 1828 imperium
299 1741 457 1824 dilatavit,
482 1739 569 1807 etin
588 1761 703 1806 ornnes
721 1739 923 1828 disciplinas,
945 1761 983 1803 ac
1000 1737 1056 1804 vi-

7 1843 36 1882 ae
55 1819 206 1886 humanae
233 1829 344 1912 partes
365 1821 508 1890 induxit.
569 1815 804 1910 Eloquentiam
825 1819 980 1898 excoluit,
1016 1827 1064 1896 ut,

8 1925 49 1991 pse
62 1903 201 1968 omnium
220 1904 343 1972 iudicio
359 1925 512 1970 summus
529 1903 661 1972 habitus
674 1904 716 1970 sit
731 1915 854 1970 orator.
888 1901 1056 1970 Musicam
1123 1915 1125 1920 “

7 1985 66 2048 rasit
80 1997 172 2072 atque
191 1987 365 2076 expolivit.
407 1985 536 2053 Urbem
556 1985 794 2058 aedificiorum,
817 1995 1001 2051 statuarum
1023 1989 1057 2048 et

7 2067 165 2151 sictumrum
188 2067 366 2134 exornavit
383 2065 635 2156 magnificentia,
653 2080 687 2134 et
704 2068 814 2134 omnis
851 2065 990 2132 eneriss
1016 2089 1056 2130 e-

7 2149 163 2214 hnrlcrum
184 2151 385 2239 exhilaravit
402 2149 588 2231 festivitate.
644 2149 808 2216 Omnium
828 2088 1015 2234 deniqueh

7 2249 52 2292 nn
69 2229 180 2296 artium
200 2253 352 2298 summos
374 2233 493 2298 accivit
511 2232 696 2322 magistros,
718 2231 842 2298 civium
863 2231 994 2317 ingenia
1012 2229 1057 2295 ud

7 2312 192 2396 aderitudiuis
221 2335 354 2380 sensnm
380 2313 608 2403 iudiciumque
638 2311 820 2396 assuefecit,
859 2313 1081 2400 elegantiam,

7 2391 29 2456 nl
43 2415 133 2462 nores
152 2394 243 2460 vitae
266 2419 309 2460 ue
330 2397 603 2464 consuetudinem
623 2393 773 2462 traduxit
793 2419 830 2462 ac
855 2395 1057 2486 popularem
1102 2429 1107 2440 ·

7 2473 82 2538 elicit.
138 2475 220 2562 Quo
239 2419 362 2544 lictum
383 2488 442 2558 est,
472 2489 510 2544 ut
530 2479 684 2546 Athenae
704 2479 811 2544 omnis
830 2475 1054 2548 humanitatis,
1106 2474 1118 2500 ⁸

7 2565 23 2617 et
35 2556 201 2624 urbanitatis
216 2571 334 2640 mater,
348 2582 381 2625 m
437 2571 505 2626 stra
519 2571 617 2657 atque
638 2559 732 2626 sedes
747 2571 779 2624 ct
798 2570 883 2626 esset
904 2569 936 2624 et
949 2555 1055 2626 habe-

7 2649 72 2703 atur.
101 2641 204 2728 ‚Tunc
224 2663 308 2707 vero
328 2641 364 2708 in
383 2581 601 2731 illitosophra
621 2653 742 2730 quanta
761 2665 874 2708 rerum
900 2641 984 2706 lacta
1006 2643 1054 2705 est

7 2723 189 2812 annuntio!
231 2725 364 2791 Scilicet
383 2747 432 2806 ea,
451 2747 528 2790 curn
545 2725 714 2805 hucusque
730 2724 771 2788 ad
786 2745 969 2812 paucorum
988 2721 1058 2786 ho·

7 2821 94 2868 ninum
111 2805 262 2870 notitiam
283 2803 399 2872 luisset
416 2806 580 2888 adstricta,
609 2815 641 2870 et
660 2827 775 2873 retum
794 2801 982 2874 abditarum
1002 2814 1063 2869 te··

1016 2173 1132 2214 3¹¹.

7 2881 79 2947 cebris
101 2887 258 2961 involuta,
294 2907 384 2954 nuuc
410 2877 483 2985 ipsa
498 2888 642 2983 ‘quoque
668 2886 707 2953 in¹
730 2887 840 2952 lucem
868 2904 1055 2982 erumpere,
1133 2919 1134 2924 ¹
1171 2961 1175 2974 „

7 2967 133 3056 supulcris
145 2967 219 3036 lieri
236 2979 269 3034 et
284 2971 327 3036 ad
343 2969 520 3036 hominum
530 2989 661 3058 ingenia
676 2967 920 3037 accommodari
935 2979 1056 3066 coepit.

7 3039 63 3109 linc
83 3049 140 3114 orti
164 3052 316 3139 primum
340 3051 525 3140 Sophistae,
559 3051 615 3139 qui
637 3050 678 3116 dc
698 3049 851 3138 omuibus
899 3051 1055 3138 roposrtis

7 3129 205 3212 lucrationibus
228 3133 363 3224 copiose
384 3145 416 3198 et
436 3136 602 3222 eleganter
621 3131 829 3212 dissererent,
849 3073 1057 3216 elirqucntiae

7 3225 136 3300 praecepta
166 3215 344 3298 traderent,
379 3215 607 3304 eiusmodique
626 3214 661 3280 sla
684 3217 863 3318 sapientiae
881 3211 1057 3298 magistros

7 3291 206 3379 imitarentur,
234 3297 383 3386 quamsi
406 3300 479 3388 quis
500 3307 636 3382 teneret,
666 3295 695 3364 is
718 3321 753 3363 m
775 3295 866 3362 omni
891 3296 978 3362 vitae
995 3317 1057 3384 ge-

7 3393 55 3467 nre
70 3379 224 3444 excellere
250 3389 373 3468 posset.
433 3375 593 3466 Quodsi
620 3377 869 3468 praestitissent,
906 3377 978 3465 quis
1006 3385 1057 3443 ast

7 3475 39 3598 pn
55 3479 101 3521 eos
128 3461 167 3525 de
196 3461 375 3528 hominum
396 3483 517 3551 genere
538 3463 667 3550 egregie
687 3461 824 3530 meritos
844 3483 917 3526 csse
935 3461 1058 3548 neget?

24 3559 98 3604 erum
125 3541 277 3632 plerique
310 3567 427 3611 corum
460 3565 536 3626 curn
570 3563 639 3612 non
666 3544 846 3634 sapientiae
872 3537 1056 3614 veritatem,

7 3619 41 3680 ud
57 3620 157 3712 'lictum
185 3627 341 3715 speciem,
369 3627 556 3708 traderent3
591 3625 691 3698 venit,
727 3635 895 3710 tamquam
915 3625 1056 3706 acoelo

7 3695 136 3796 lamissus,
155 3707 317 3792 Socrates,
338 3710 395 3799 qui
408 3707 641 3798 sophistarum
662 3706 709 3774 fas
731 3717 802 3772 tum
822 3705 945 3774 retudit
958 3713 1058 3794 atque
1138 3725 1142 3734 ·

7 3789 150 3872 exagitavit,
170 3789 334 3864 homines,
363 3792 418 3880 qui
440 3805 480 3856 oe¹
496 3789 539 3856 ad
560 3811 654 3855 suam
679 3787 887 3882 disciplinam
906 3787 1058 3878 applica-

7 3875 61 3958 aar
90 3867 126 3932 ab
152 3871 320 3960 opinionis
340 3871 498 3940 inanitate
525 3871 569 3952 etl
591 3870 745 3938 scientiae
765 3872 937 3938 veritatem
956 3892 1057 3936 revo·
1110 3879 1115 3888 '

7 3959 71 4026 unt,
93 3949 335 4042 admonuitque,
363 3967 401 4020 ut
419 3979 455 4020 se
474 3956 564 4048 ipsos
587 3953 686 4026 nosse
708 3953 881 4036 discerent,
908 3951 1059 4018 neultra

7 4021 106 4094 lunari
128 4032 250 4124 ingenii
268 4035 358 4102 vires
379 4055 495 4128 sapere
515 4045 722 4110 conarentur,
758 4037 801 4119 et,
834 4033 920 4101 si'in
945 4034 1064 4122 aliqua

7 4125 29 4166 n
42 4109 189 4194 prolicere
203 4119 339 4202 vellent,
374 4118 474 4208 periti
500 4136 572 4186 asse
597 4119 710 4210 potius
738 4137 838 4208 quam
859 4113 968 4183 rideri
987 4129 1060 4182 stu·

28 4183 506 4285 (nitetllvotnmunueat.)
796 4212 833 4270 aa
