2602 4634
165 200 389 320 ’ΒΙΙᾸἸ

86 446 88 461 .
169 375 301 472 minimi
319 339 507 469 boiendmn
528 401 597 472 eit,
621 411 684 458 nee
704 391 885 478 quidquam
903 355 1030 462 enim
1049 394 1249 463 novandum.

170 465 219 556 Αἰ
233 477 381 550 maiores
400 485 530 567 nostros
552 471 825 561 prudentissimos
844 475 882 540 in
900 475 1043 561 antiquis
1062 476 1249 544 auctoribus

163 553 333 628 'inventuri'
352 553 519 642 tradendis
539 554 640 636 etiarn
660 555 752 622 aliud
767 565 937 646 spectasse,
963 555 1154 626 eii-indiciis
1171 557 1251 646 qui·

170 640 311 713 busdam
328 637 477 718 ooniieio.
518 637 609 704 Nam
625 637 703 704 licet
720 660 834 706 rerum
852 649 1003 706 naariam
1022 638 1250 708 seruniime‘-

169 723 235 790 rito
256 722 418 790 eximium
438 717 611 801 habeatur,
637 719 801 788 humanae
820 729 931 808 tamon
950 745 1004 788 res
1024 721 1153 788 homiui
1166 745 1248 810 pro-

169 803 281 872 ximae
299 813 395 884 sunt3
429 801 517 868 inter
538 799 688 882 humana
711 813 822 870 autem
841 801 929 870 nihil
945 803 1137 873 hominibus
1155 825 1251 870 coin-

168 885 304 954 munius
332 897 397 966 est,
413 881 511 959 ,nihil
538 883 636 950 debet
662 883 768 950 carius
792 906 864 950 esse
908 885 1091 972 quamius
1115 886 1250 952 societas

83 975 86 982 '
137 961 143 985 ⁸
168 980 327 1052 mnarum
346 967 417 1055 ipsa
432 967 617 1060 constituta,
635 989 719 1054 quae
739 965 852 1035 omnia
870 933 1017 1037 hominis
1031 967 1126 1034 'bona
1141 968 1250 1036 ‘conti-

30 1110 33 1117 .
97 1133 99 1136 Ι
169 1062 240 1132 net,
270 1049 384 1118 civitas
405 1048 664 1134 uniuscuiusque
681 1049 797 1138 patria.
856 1049 963 1146 atqui
985 1049 1113 1139 patriae
1132 1050 1247 1118 caritas

153 1160 158 1193 .·
192 1155 230 1200 er
248 1132 421 1212 universos
442 1150 550 1226 prope
567 1142 695 1198 veteres
715 1131 892 1220 scriptores
910 1141 958 1198 ita
980 1143 1029 1200 est
1048 1129 1180 1214 diffusa,
1207 1143 1249 1196 ut

80 1257 82 1262 ·
167 1152 258 1284 lunc
276 1213 478 1309 antiquitatis
499 1212 592 1300 quasi
611 1212 765 1302 spiritum
782 1212 919 1280 vitalem
941 1211 1104 1303 dixerim:
1134 1214 1250 1282 evolve

113 1331 119 1339 ·
165 1307 292 1386 poetas,
307 1295 536 1384 philosophos,
555 1306 715 1375 oratores,
731 1315 846 1360 rernm
866 1306 1035 1376 auctorem
1058 1295 1199 1384 patriae,
1215 1305 1254 1362 et

166 1379 239 1446 sine
266 1401 332 1468 qua
352 1377 469 1466 patria⁴
489 1399 560 1444 osse
587 1377 680 1442 nulla
698 1381 822 1464 potest,
846 1375 1008 1454 libertatis
1026 1399 1174 1446 atnown
1191 1377 1253 1442 in-

167 1461 257 1526 timis
284 1460 438 1526 omniurn
467 1455 647 1526 visceribus
672 1455 815 1535 infixum
841 1461 914 1531 esse
930 1457 1087 1550 reperies.
1148 1457 1253 1553 Quod

50 1573 77 1581 -·
167 1565 272 1630 qaum
290 1539 483 1623 consider0;
509 1541 603 1608 nulla
622 1539 746 1630 patriae
771 1539 1186 1632 historiaeexplicatione,
1210 1561 1251 1604 m

92 1668 94 1676 ›
166 1644 232 1713 qua
257 1622 395 1688 omnino
425 1621 664 1704 claudicamus,
695 1621 783 1709 quod
798 1623 965 1770 praeclari
985 1643 1029 1691 ex
1046 1623 1112 1692 hoc
1130 1645 1252 1710 genere

124 1775 128 1792 ‚
164 1706 344 1794 scriptores
363 1704 454 1793 apud
475 1715 637 1770 nostrates
661 1710 762 1770 certas
777 1727 798 1769 o
835 1727 946 1772 caonas
965 1726 1043 1772 raro
1064 1706 1273 1785 minant„

34 1795 52 1815 '
162 1789 258 1856 nulla
276 1787 388 1873 legum
409 1789 443 1850 et
460 1783 689 1854 institutorum
705 1785 892 1881 patriorum
908 1785 1042 1868 notitia,
1065 1787 1162 1854 nullis
1180 1807 1255 1872 pu·
1272 1827 1273 1860 ,

121 1887 122 1894 ¹
163 1867 261 1936 blicis
289 1865 504 1934 sollemnibus
516 1867 687 1934 caritatem
695 1877 822 1955 patras
835 1878 870 1934 et
881 1869 987 1936 iustae
997 1867 1155 1946 libertatis
1167 1887 1255 1932 sen·-

166 1975 222 2018 sus
241 1950 288 2023 ita
306 1949 487 2033 foveri‚,ut
505 1960 659 2042 veterum
676 1949 876 2037 scriptorum
893 1947 1044 2031 lectione,
1060 1969 1255 2040 puerosque

164 2033 224 2100 illa
237 2031 320 2098 duci
343 2031 413 2096 lina
425 2041 517 2096 recte
529 2041 704 2096 instructos
718 2053 795 2099 curn
807 2031 927 2120 primis
937 2029 1150 2114 rudimentis,
1171 2031 1256 2117 ipso

40 2163 47 2174 ,
164 2117 297 2202 Nepote
323 2101 664 2212 egendn'p'raeolaris
682 2111 727 2178 ali
747 2113 928 2210 exemplis,
948 2112 1038 2180 haud
1058 2121 1273 2182 cunctanter,

165 2195 320 2289 affimant·
333 2215 415 2282 quin
436 2204 546 2289 etiarn,
566 2215 673 2289 quum
686 2206 939 2292 praestantiores
956 2193 1123 2262 veteribus
1143 2191 1259 2260 civilis

117 2310 120 2318 ¹
164 2277 363 2369 prudentiae
389 2286 540 2364 magistri
563 2287 705 2342 niseniri
737 2276 822 2344 nulli
852 2287 996 2366 possint,
1021 2299 1091 2344 non
1119 2283 1274 2352 tantinn,

168 2357 267 2449 pueri
289 2380 331 2424 ex
353 2355 422 2422 illis
443 2355 487 2424 ad
507 2356 674 2429 caritatem
690 2355 830 2448 patrias,
852 2359 912 2424 sed
932 2358 1030 2424 etiam
1050 2355 1123 2422 viri
1134 2355 1178 2420 ad
1195 2379 1274 2436 resi

66 2505 71 2516 ,
164 2440 329 2530 gerendas
353 2438 576 2508 instituentur.
628 2440 693 2506 Sed
713 2439 754 2506 de
772 2439 851 2521 hoc,
877 2457 1274 2528 quamquamisiimmnss,

50 2551 58 2564 ·
165 2544 249 2590 rum
260 2521 297 2588 id
314 2521 492 2588 hominum
504 2516 696 2588 anctoritate
714 2531 747 2586 et
766 2544 804 2586 re
822 2522 896 2612 ipsa
909 2519 1120 2611 comprobari
1131 2529 1258 2619 potest,

158 2604 267 2672 satius
285 2602 370 2670 duco
391 2613 510 2684 tacere,
530 2627 584 2686 ne,
605 2601 693 2692 quod
713 2626 807 2674 meae
824 2625 986 2692 personae
1005 2611 1169 2680 convenit,
1186 2625 1258 2670 eii-

166 2683 302 2756 cedam:
331 2683 421 2772 qnod
442 2685 556 2774 priore
582 2685 657 2752 loco
674 2685 788 2774 posui,
815 2705 894 2752 cons
920 2685 1001 2753 iciiis
1021 2683 1186 2774 exemplis
1203 2684 1259 2750 il-

139 2773 142 2782 '
164 2769 308 2839 lustrare
325 2767 428 2834 iuvat.
477 2765 668 2835 Fridericus
689 2767 829 2855 Msgnus
849 2778 881 2832 et
894 2709 1078 2855 iiapoleon
1095 2767 1259 2863 Impera·-

165 2860 219 2918 tor
246 2847 444 2916 documento
469 2859 577 2916 sunto.
631 2847 783 2934 Quorum
804 2849 866 2919 iste
888 2847 972 2914 alter
994 2869 1097 2933 quum
1116 2850 1261 2936 itaquae

164 2931 336 3020 tyrannidi
357 2927 509 2996 infestam
532 2941 683 2998 veterum
702 2929 904 3019 scriptorum
928 2929 1156 3002 tractationem
1175 2953 1259 2996 esse

164 3036 232 3107 pro
246 3012 572 3162 &perspicacitate
585 3013 796 3109 intelligeret,
814 3009 873 3078 illa
886 3010 951 3108 ipsi
963 3019 1169 3108 niagpopere
1179 3013 1259 3080 dis-

99 3118 105 3136 ·
164 3095 302 3184 pltriut3
358 3117 388 3160 ri
413 3115 502 3164 erico
517 3093 652 3183 Magno,
668 3095 768 3162 huius
785 3115 922 3182 imperii
933 3101 1048 3158 statori
1058 3115 1261 3184 prmipuo,

165 3187 205 3242 ut
224 3175 341 3242 omnia
356 3199 440 3264 quae
460 3175 610 3242 animuin
625 3177 717 3250 alere
739 3186 775 3240 et
790 3175 930 3262 servitio!
946 3173 1088 3242 liberare
1103 3187 1263 3266 possent,

166 3257 214 3325 sic
229 3254 376 3325 Graecos
390 3255 593 3344 Latmosque
611 3270 758 3326 auctores
778 3255 945 3346 imprimis
963 3255 1128 3344 placuisse
1146 3268 1181 3326 et
1198 3259 1263 3324 in·-

165 3338 327 3406 stitutioni
346 3339 562 3406 scholasticae
581 3363 652 3406 esse
669 3337 983 3429 aptissiimsvisoa
1001 3360 1055 3404 res
1074 3351 1123 3414 est
1143 3341 1270 3408 notis*

165 3421 257 3488 sima.
311 3419 380 3507 Qui
405 3421 442 3486 in
462 3419 578 3491 limine
593 3434 764 3504 ,amentem
794 3417 913 3489 andus
936 3423 1089 3511 corporis
1110 3422 1264 3517 niribns,

147 3501 224 3568 ¹sed
244 3513 356 3568 mente
375 3502 515 3596 integra,
534 3523 643 3600 fimi
661 3499 725 3599 sibi
744 3502 887 3598 optimos
908 3525 1054 3600 qumque
1071 3515 1263 3601 ,qlptom

90 3604 92 3612 ·
167 3579 312 3650 Graecos
330 3584 459 3649 assidue
474 3595 607 3652 recitari
624 3597 783 3667 nississet,
798 3585 875 3652 lieet
887 3583 1027 3652 Gallicis
1037 3599 1264 3675 potissimum

164 3664 284 3737 litteris
306 3689 327 3760 a
345 3663 550 3734 Graecorum
564 3664 679 3734 indole
698 3665 906 3762 alienissimis
920 3681 1004 3756 esset
1016 3671 1180 3748 excultus,
1198 3669 1265 3818 ip·-

85 3785 91 3800 ·
166 3771 202 3814 so
243 3771 285 3812 ue
314 3747 388 3812 illos
414 3747 560 3814 Graecos
591 3761 742 3816 auctores
764 3771 799 3814 vi
812 3770 886 3821 ‚sua
910 3745 1075 3816 fraudatos
1100 3773 1145 3816 ex
1171 3774 1213 3816 ao
1230 3753 1264 3816 is

168 3828 232 3896 Gal
249 3828 305 3894 'cis
329 3829 656 3918 interpretationibus
680 3825 857 3909 nosceret}
887 3839 998 3898 umen
1027 3831 1092 3898 illis
1120 3855 1140 3898 e
1183 3833 1269 3918 egica

76 3935 80 3944 ·
167 3911 363 3992 delectatus,
390 3921 438 3992 et,
464 3912 555 3980 utin
573 3914 720 3980 hocuno
741 3911 935 3994 consistam,
957 3912 993 3978 in
1010 3911 1139 3986 Demos
1183 3915 1264 3995 cuis

165 3993 317 4058 oratione
350 3993 391 4056 de
421 4015 545 4060 corona
572 3994 698 4084 magnis
723 3991 893 4060 sententiis
919 4005 952 4058 et
977 3994 1145 4062 carissimo
1176 4021 1267 4084 erga

164 4073 307 4164 patriam
328 4071 448 4146 affectu
467 4071 588 4144 referta
608 4075 733 4172 ingenii
746 4069 979 4169 praestantiam
998 4073 1183 4148 admiratos
1198 4092 1269 4148 est.
