2502 4630
1028 213 1100 282 '723

11 388 99 452 liario
130 387 266 474 classico
296 388 375 460 1000.
402 387 493 456 XVI.
522 409 558 476 p.
580 393 653 458 stt.
708 389 758 456 To
784 402 914 458 restore
944 393 975 460 it
996 408 1032 462 to
1053 398 1100 464 its

11 471 134 538 ristine
189 473 304 562 nrity,
343 496 399 542 we
428 473 520 562 lione
548 473 611 538 ond
658 485 695 538 to
722 486 903 566 transpose
931 475 997 556 ἅλις
1025 483 1100 546 ond

11 562 84 630 λθες.
131 497 206 622 ilie
226 581 327 623 nerse
351 554 590 624 indeedswoul
624 581 705 646 ¹ron
725 581 818 624 more
840 563 1031 650 smoothly,
1067 555 1107 654 if

11 664 38 703 >e
57 663 149 706 were
172 653 208 706 to
228 641 316 706 read
327 637 423 716 ’Ἅλις
444 636 528 726 nupsi
545 635 750 728 Σκάμανδρον
762 635 809 719 sle
827 639 989 729 ἀνάρσιος,
1026 646 1097 729 bnt,

11 747 28 788 s
46 723 186 789 Porsen
210 724 275 790 lias
298 723 470 791 Ι(10010νο0
491 725 571 790 that
603 726 906 826 transpositionis
928 731 986 796 tlte
1008 743 1096 798 most
1187 803 1191 814 ,

11 801 64 894 sse
92 809 170 873 ond
191 809 327 874 certain
342 803 514 958 1100010οζ
528 808 788 888 emendation„
810 811 836 876 J
852 823 945 877 ncost
968 815 1097 882 addere

11 914 98 978 cmy
111 889 204 980 first
233 893 432 958 correction
508 893 612 958 cilicet
640 893 721 958 boni
751 895 813 958 viri
839 917 909 960 non
932 897 1095 981 viderunt,

13 997 42 1038 ee
68 977 141 1040 veri
169 975 277 1042 simile
298 999 368 1042 esse
387 975 679 1064 verbatontopere
704 1001 773 1044 esse
796 977 835 1044 ab
862 977 1002 1046 librariis
1024 991 1095 1046 trs-

11 1070 83 1137 ecta,
125 1081 188 1124 neo
208 1062 360 1149 potuisse
380 1060 583 1149 Aeschylum
612 1071 649 1124 ut
671 1061 737 1150 ipsi
766 1061 978 1150 conjecerunt
1010 1068 1094 1129 scri-

11 1159 73 1219 em,
100 1146 197 1230 quis,
231 1144 326 1209 si'ita
344 1145 542 1234 scripsisset,
580 1146 692 1234 inepte
719 1145 975 1212 adsentantium
997 1149 1094 1214 rerba

11 1237 87 1290 ssent
109 1224 281 1323 collocata.
336 1229 401 1294 Sed
424 1229 504 1316 quid
524 1228 587 1293 hos
610 1249 862 1308 commemoro,
905 1251 1011 1318 quum
1039 1233 1094 1299 ille

11 1333 65 1390 ise,
88 1311 148 1399 qui
171 1314 212 1376 1is
234 1313 303 1376 dux
324 1313 361 1376 in
381 1311 446 1376 hoc
467 1335 585 1400 genere
607 1311 687 1392 luit,
708 1313 784 1378 licet
806 1326 930 1379 caetera
951 1317 1093 1381 eximius

11 1391 49 1472 ir,
92 1393 133 1458 ad
157 1397 389 1463 eumdem'sco
417 1395 509 1460 ulum
532 1391 728 1483 impegerit?
768 1397 820 1462 Ne
842 1398 904 1466 ulie
925 1419 1091 1487 promam,

11 1479 246 1568 iSupplicibus
268 1419 423 1569 Aeschyli
445 1501 549 1568 quum
569 1481 696 1566 legatur
716 1503 749 1546 v.
773 1487 847 1548 799.

128 1579 229 1652 πόθεν
249 1587 285 1652 δι’
298 1611 351 1668 μοι
373 1581 479 1672 γένοιτ’
499 1581 537 1650 ἂν
556 1587 680 1670 uidebor
700 1580 830 1671 θρόνος,

127 1663 207 1756 stede
227 1667 263 1736 dr
281 1674 358 1752 νέφη
378 1665 404 1734 δ’
425 1667 541 1756 tidpnloi
554 1673 685 1766 yt'pvtrpt
705 1665 794 1755 χιών,
1120 1727 1121 1730 ,

12 1773 123 1840 ciendit
143 1775 202 1844 ille
222 1777 358 1864 quidem
379 1779 414 1842 iu
433 1775 499 1842 line
520 1776 729 1864 praebitionis
758 1778 798 1842 sd
819 1777 987 1845 Hecubam
1008 1802 1089 1866 par-

12 1859 111 1924 culam
133 1863 185 1942 δέ,
227 1861 302 1940 sed,
342 1863 485 1928 sentiens
510 1862 633 1948 opinor
653 1861 687 1924 id
708 1884 743 1925 se
762 1861 888 1932 nemini
908 1883 1088 1958 persuasu-

11 1965 162 2038 amuensse,
195 1945 300 2027 addit,
333 1947 361 2011 si
381 1947 424 2011 sit
445 1943 599 2026 delenda,
636 1944 682 2010 ita
702 1943 820 2010 debere
840 1967 975 2014 susum
993 1946 1089 2014 illum

11 2049 113 2114 brrlgl:

127 2127 208 2222 πρὸς
226 2131 270 2200 ὃν,
281 2127 356 2222 xenio
376 2129 489 2220 domiti
508 2139 640 2224 γίγνεται
660 2136 744 2218 νέφη.

11 2251 87 2324 loun
115 2250 359 2314 correctionem
377 2249 506 2338 probet
534 2246 743 2328 Scheelerus,
785 2248 955 2340 ingeniose
976 2247 1085 2340 conji-

11 2335 63 2394 {ens
82 2326 118 2395 ‘ol
140 2332 184 2396 ad
203 2335 278 2413 νέφη
295 2331 465 2421 ‘adjectum
493 2333 576 2398 nihil
597 2355 666 2397 esse
687 2333 750 2396 nisi
778 2353 956 2398 numerum
978 2337 1085 2422 quarti

11 2413 77 2478 erbi.
131 2417 290 2482 Attamen
317 2417 370 2484 vel
390 2427 567 2505 propterea
587 2438 706 2504 parum
728 2417 797 2482 veri
826 2416 934 2482 simile
963 2429 1012 2482 est
1040 2421 1085 2484 ita

11 2499 144 2586 >ripsisse
172 2497 389 2590 Aeschylum,
434 2503 525 2590 quod
551 2502 597 2566 sic
627 2500 736 2588 posits
762 2497 864 2566 verba
890 2503 1078 2588 oppositio·

11 2603 53 2646 sm
74 2583 304 2671 adsignificant·
322 2608 390 2664 non
409 2585 491 2658 bene
510 2583 589 2652 huic
608 2585 685 2650 loco
709 2585 969 2650 convenientem.
997 2585 1082 2652 Nem
1104 2619 1106 2624 ·

11 2667 164 2754 replicem
195 2669 243 2734 rei
270 2668 449 2765 imaginem
478 2669 547 2733 dari
574 2666 751 2732 altitudinis
773 2689 884 2732 caussa
905 2667 960 2730 hic
986 2669 1082 2734 dcce-
1168 2741 1171 2746 ,

11 2759 46 2828 st,
66 2773 135 2816 non
159 2751 297 2832 narrari,
318 2775 453 2840 ningere
474 2751 530 2818 tali
549 2751 584 2816 in
603 2753 680 2818 loco
701 2752 814 2840 potius
837 2771 937 2844 quem
957 2751 1081 2838 pluere.

11 2845 141 2899 ractcrea
165 2837 194 2900 si
213 2837 472 2926 transpositione
493 2835 705 2924 corrigendus
729 2831 849 2899 estxhic
869 2831 989 2916 locus,
1024 2855 1083 2902 cur
1182 2855 1184 2862 ·

12 2919 156 3004 opelius
176 2920 277 2986 verba
298 2931 374 2984 sunt
395 2919 600 3000 collocanda,
645 2941 746 3010 quam
765 2915 832 2984 hoc
858 2917 981 3000 modo,
1010 2921 1081 3008 ‘qui

11 3003 159 3090 mplicior
178 3015 227 3070 est
248 3015 280 3069 et
301 3005 484 3070 venustior:

122 3101 202 3198 πρὸς
221 3103 289 3175 dvd’
309 3103 421 3194 ὑδρηλοὶ
441 3109 573 3196 γίγνεται
587 3107 668 3190 ’νέφη
688 3101 789 3194 gieio?

11 3217 66 3296 luid
87 3211 190 3306 ergo?
209 3206 301 3282 Num
322 3217 392 3282 seri
415 3217 553 3280 similius
573 3225 642 3294 est,
666 3211 774 3279 vorbis
794 3210 859 3278 hoo
879 3199 977 3280 illove
997 3237 1078 3286 mo·

11 3301 286 3390 stransponendis
306 3321 434 3365 novum
454 3321 588 3364 versum
609 3321 679 3363 esse
692 3297 965 3394 procudendum..
978 3322 1080 3386 quum
1169 3335 1193 3392 '.

11 3387 172 3450 ocabulum
194 3381 306 3471 ὑδρηλοὶ
327 3383 407 3448 alius
429 3405 500 3448 esse
522 3382 746 3470 exquisitioris
767 3381 859 3444 verbi
878 3381 1077 3472 interpreta-

11 3493 121 3567 oncm,
142 3481 217 3552 aut,
239 3469 268 3534 si
287 3465 353 3535 hoc
376 3489 447 3532 non
468 3467 622 3548 arrideat,
644 3465 743 3531 scribi
764 3463 898 3546 debere,
1013 3477 1017 3506 ¹
1061 3497 1066 3504 .

120 3594 197 3688 πρός
218 3596 348 3679 σύννεφῆ
368 3593 400 3662 θ’
419 3589 534 3682 sideris,
556 3593 577 3661 d
596 3595 728 3682 yirrtwt
746 3588 835 3680 χιών,

11 3723 152 3816 quidem,
180 3737 217 3796 ut
237 3726 426 3796 Aristoteles
449 3725 496 3802 uit¹
513 3721 607 3794 Rhet.
621 3723 670 3788 ll.
692 3729 744 3795 19.
765 3723 793 3788 st
813 3724 967 3806 suseepti,
996 3718 1076 3796 stude

11 3828 75 3880 sas,
100 3813 189 3897 Quid
211 3817 322 3879 autem
343 3813 372 3877 si
394 3809 447 3877 vel
466 3810 565 3874 unius
582 3809 708 3873 litterae
717 3810 904 3874 mutatione
924 3821 976 3874 r'es
991 3822 1074 3888 con-

11 3899 32 3962 ci
57 3894 190 3987 potest?
228 3897 267 3962 ld
290 3896 423 3984 quidem
445 3917 519 3962 mee
537 3893 696 3958 sententia
723 3891 758 3956 in
778 3895 940 3974 carmine,
975 3891 1073 3980 -qudd

11 4001 111 4049 runo
140 3991 269 4048 tantum
297 4001 399 4130 copus
428 3979 571 4069 pessime
600 3975 712 4041 habito
735 3977 847 4043 codice
868 3977 994 4068 editum
1014 3981 1074 4070 est,

11 4069 124 4134 onium
152 4066 301 4132 maxinm
352 4057 425 4129 ebel
459 4059 631 4216 probabile
664 4059 779 4128 videri.
836 4061 933 4128 Certe
961 4079 1074 4126 omma
1120 4145 1125 4156 .

476 4166 556 4214 ectu
576 4141 811 4215 inscribitur:
907 4171 915 4188 ··
985 4205 987 4212 .

11 4151 99 4238 ptime
117 4149 319 4244 procedunt,
340 4149 369 4218 si
389 4147 443 4218 ille
683 4233 774 4316 w
905 4233 922 4242 „
993 4259 995 4263 p
1054 4226 1080 4276 .·
