2488 4640
1039 105 1045 158 l

1054 257 1115 324 del

16 427 127 492 aetatis
136 429 197 517 ,u
240 449 281 494 ue
302 449 343 494 cx
365 427 431 496 hoe
450 449 584 517 genem
611 431 705 522 quod
725 429 813 522 apud
835 432 1028 504 Ciceronem
1049 431 1120 504 n‘en
1158 437 1160 440 ’
1205 477 1206 482 1

14 449 303 600 repes-tamaium
325 511 560 582 damnandum.

100 597 137 660 ln
159 595 212 661 his
234 598 343 684 itaque
363 597 472 663 faciles
491 619 605 666 sumus
628 601 860 690 eamdemque,
882 623 983 703 quem
1001 602 1136 692 legem.

12 693 60 742 tes
90 680 205 744 damus
234 683 383 762 reniam,
423 682 520 747 nobis
548 682 764 750 scribentibus
791 685 936 752 rieissnn
986 691 1117 754 annus.

12 765 140 828 Verum
168 765 228 830 alia
257 775 349 844 suist,
395 787 477 854 quae
507 789 577 834 non
597 779 737 834 tentum
753 791 929 860 perperam
983 771 1116 850 'eantur‚

12 847 68 911 sed
98 869 257 935 perverse
286 850 384 914 etiarn
414 871 512 916 sensu
541 853 711 940 mentique
740 854 910 918 scribentis
938 854 1115 922 contrarie.

1 931 98 995 Haec
121 944 154 996 et
174 945 318 1020 possunt
338 933 446 1012 vitari,
492 955 595 1082 quum
617 935 652 1000 in
674 947 838 1025 promptu
857 939 924 1002 sint
951 921 1059 1028 preire
1084 947 1117 1002 et
1204 923 1217 942 '

10 1016 150 1112 propria
171 1017 285 1098 verba,
325 1027 357 1081 et
377 1039 455 1084 vere
477 1019 649 1109 diligenter
666 1020 763 1090 vitari
785 1031 937 1109 oportet,
973 1043 1030 1100 ne,
1082 1021 1132 1087 ui'*

10 1103 124 1164 Latine
145 1102 266 1179 sciunt,
289 1101 410 1188 scripta
430 1102 538 1182 secus,
566 1125 666 1189 quam
686 1105 829 1204 scriptor
849 1105 970 1184 voluit,
992 1107 1059 1169 inte
1086 1105 1115 1156 '-

10 1195 87 1270 gant
110 1190 206 1272 atque
226 1186 490 1272 interpretentur.
544 1185 590 1251 Ea
612 1187 718 1274 qualia
733 1199 821 1268 siut,
870 1187 1030 1276 exemplis
1052 1188 1115 1255 ati-
1219 1199 1224 1205 ’

10 1279 113 1356 «quot,
137 1289 179 1332 ex
201 1269 358 1334 latinitate
379 1269 563 1335 academica
584 1268 807 1358 depromptis,
830 1269 1011 1338 declarabo.
1154 1342 1157 1353 .
1216 1317 1219 1326 ·

97 1352 381 1438 Quotiescumque
411 1353 558 1420 muueris
581 1355 665 1419 ratio
694 1354 738 1419 ita
758 1355 849 1432 tulit,
888 1365 927 1420 ut
952 1375 1117 1420 novmum
1156 1356 1160 1374 “

9 1437 200 1500 scholarum
221 1436 400 1507 indicibus,
442 1419 499 1522 qui
523 1436 661 1526 singulis
686 1437 897 1504 semestribus
925 1437 1115 1504 academicis
1205 1436 1209 1444 ’

10 1523 224 1596 amittuntur.
262 1541 357 1586 more
378 1517 547 1606 majorum
567 1519 806 1610 praeferemure
846 1523 944 1588 toties
966 1523 1116 1589 animum

10 1603 149 1669 olleudit
172 1603 258 1668 mala
279 1605 483 1670 cousuetudo
505 1603 772 1687 Academiarum,
815 1625 898 1693 quae
920 1627 960 1672 eo
981 1603 1114 1672 schola-

9 1709 84 1752 rum
110 1688 232 1752 nuncio
254 1699 410 1774 utentem,
449 1685 543 1776 eujus
569 1689 641 1775 ipsa
667 1687 760 1754 frons
789 1688 967 1754 erubeseat.
1024 1687 1116 1772 Quid

10 1769 125 1836 enim?
158 1771 342 1836 Lectiones
363 1771 525 1848 indicunt,
545 1793 624 1860 ,per
644 1783 799 1837 aestatem
819 1773 871 1837 vel
891 1771 1037 1859 hiemem
1057 1773 1114 1838 in·

9 1855 201 1926 stituendes.
255 1855 358 1936 Quod
377 1855 576 1920 vocabulum
596 1856 665 1919 sive
686 1856 726 1919 de
746 1856 785 1920 iis
807 1855 909 1922 intelli
932 1865 1022 1936 etur,
1057 1855 1116 1944 qui
1208 1857 1210 1864 ⁴

9 1939 139 2005 scholas
170 1939 292 2004 habent
330 1935 416 2026 (quo
455 1939 560 2003 medo
592 1938 728 2026 intelligi
761 1949 847 2004 certe
878 1879 1013 2014 volunt,
1056 1939 1115 2026 qui

5 2024 283 2110 praelectionum
307 2022 360 2088 rel
386 2021 632 2087 recitationum
647 2025 678 2107 ¹⁸)
713 2023 849 2088 nomina
880 2021 1114 2112 substituunt),

10 2129 64 2170 scu
90 2107 130 2172 dc
150 2107 221 2184 his,
243 2106 299 2192 qui
321 2106 461 2186 obeunt,
485 2127 555 2170 nou
574 2115 704 2170 tanturn
725 2105 880 2172 abhorret
905 2107 944 2173 ab
966 2127 1030 2172 usu
1050 2129 1114 2174 ve-

9 2203 132 2266 terum,
155 2191 212 2254 sod
233 2193 331 2254 ctiam
351 2187 487 2276 pessimi
507 2188 706 2254 vocabulum
728 2190 850 2256 ominis
871 2203 931 2257 est.
972 2189 1113 2256 ’Perdio-

11 2277 134 2338 siuuun
162 2274 251 2340 enim
283 2286 379 2362 atque
405 2273 641 2338 inertissimam
670 2285 803 2359 eportet
830 2297 899 2338 esse
926 2274 1113 2350 doctorem,

11 2360 81 2445 qui,
106 2351 242 2446 'quando
265 2358 350 2446 apud
375 2379 448 2430 eos,
483 2357 539 2444 qui
561 2356 716 2434 audiunt,
747 2379 849 2444 petrea
870 2359 1052 2424 academica
1072 2355 1116 2424 de
1219 2386 1222 2395 ·

11 2445 132 2529 scripte
156 2441 298 2530 legerit,
338 2441 394 2506 vel·
417 2439 543 2506 exalia
566 2437 652 2505 libro
677 2441 891 2592 eweleqssrit
921 2465 956 2508 ae
982 2441 1113 2508 recita*

10 2527 66 2604 rit,
94 2549 154 2591 suo
171 2549 212 2590 se
235 2525 345 2590 allicio
367 2523 557 2590 satisfecisse
581 2523 765 2592 arbitratur.
840 2548 876 2592 ae
895 2525 964 2608 ille,
986 2523 1115 2592 etiamsi
1204 2557 1216 2572 .

9 2611 192 2698 propriam
210 2609 336 2675 librum
364 2607 422 2698 (ut
440 2607 535 2694 loqui
552 2605 801 2689 hedie'amant‚
833 2609 890 2696 qui
911 2630 1025 2688 ouum,
1046 2605 1114 2674 hoo

12 2707 75 2768 cst,
100 2694 325 2782 conscriptum
346 2717 363 2756 a
385 2715 437 2770 se,
472 2714 561 2771 non,
583 2709 644 2756 suo
670 2715 741 2756 aere
761 2693 989 2780 redemptum,
1010 2689 1126 2756 intel·.

10 2777 29 2842 li
54 2779 64 2842 i
88 2777 224 2856 volunt)
260 2777 387 2847 etiamsi
407 2775 506 2862 igitur
526 2799 626 2840 suurn
646 2774 768 2840 libram
797 2775 838 2840 ad
858 2774 1113 2924 praelegendum
1184 2816 1186 2824 ι

11 2803 177 2940 adhibeat,
221 2861 290 2926 indi
313 2882 375 2924 nus
397 2871 441 2926 est
466 2857 525 2922 hae
545 2858 664 2924 saeculi
682 2857 772 2938 luce,
807 2860 966 2926 amandun
991 2881 1049 2938 us,
1082 2857 1113 2926 ei

11 2947 79 3011 lieri
106 2945 229 3036 possit,
273 2885 314 3010 ed
336 2966 411 3024 eos,
452 2944 507 3030 qui
534 2943 575 3007 de
596 2954 663 3008 arte
688 2955 829 3032 typogra
855 2942 989 3010 hicane
1009 2940 1111 3008 lande

12 3031 143 3118 quidem
165 3029 369 3094 audiverunt.
422 3027 607 3114 Antequam
630 3027 718 3090 enim
739 3049 789 3091 ers
810 2965 881 3106 itia,
928 3025 1113 3122 litterarum

12 3137 142 3178 summa
163 3113 351 3178 attxiliatrix
373 3123 405 3178 ot
450 3123 576 3190 atrena,
601 3111 789 3190 exsisteret,
837 3129 1038 3197 uaecumque
1057 3129 1113 3174 vta

12 3199 149 3286 quadam
173 3209 204 3262 et
225 3199 352 3262 ratione
370 3133 485 3260 multis
510 3193 609 3258 simul
634 3205 741 3260 essent
767 3135 939 3276 tradenda,
980 3211 1113 3258 neeesse
1207 3253 1213 3270 ‚

12 3295 77 3346 erat
94 3281 236 3372 praelegi
259 3283 299 3346 de
321 3283 459 3366 scripto,
481 3291 577 3365 atque
598 3277 679 3344 adeo
702 3279 815 3343 dictari
835 3281 888 3361 iis,
911 3277 967 3365 qui
987 3277 1113 3342 discere

15 3377 183 3454 cuperent:
228 3378 264 3430 ut
286 3363 452 3451 ejusiuodi
481 3362 673 3450 praelectio,
708 3367 876 3450 ¹quatenus
907 3361 1046 3448 cogitata
1070 3357 1121 3424 ad⁴

12 3451 232 3538 plurirnorum
271 3450 425 3514 aetitiam
453 3443 632 3534 proferret,
674 3467 744 3510 non
776 3448 885 3513 selum
918 3467 1040 3534 magno
1075 3443 1112 3510 in

13 3537 133 3622 pretio,
175 3533 233 3598 sed
263 3535 360 3598 etiam
386 3531 488 3595 instar
515 3543 599 3594 esset
625 3543 797 3618 typorum.
850 3529 946 3596 Nune
982 3540 1110 3607 autem,

13 3621 215 3684 nobilissima
243 3629 310 3682 arte
339 3619 485 3690 iureiua,
530 3626 562 3678 et
588 3626 749 3679 crescente
781 3616 815 3679 iu
844 3613 912 3680 dies
946 3611 1111 3680 librorum

12 3705 99 3790 trpis
120 3704 360 3790 ¹repressorum
382 3719 539 3776 numere,
560 3699 705 3788 permira
724 3718 775 3763 res
796 3699 900 3776 soret,
921 3697 1026 3784 siqui
1047 3694 1108 3760 ad-

12 3777 75 3851 liue
106 3799 160 3852 aut
188 3787 341 3880 doctores
369 3783 542 3850 academici
567 3795 767 3862 crearentur,
813 3781 870 3872 qui
896 3792 998 3850 altem
1018 3777 1110 3844 illem
1157 3835 1165 3845 .

47 4019 288 4090 *penetrationem
304 4035 330 4074 et
354 4023 469 4076 recitare
486 4037 538 4089 qao
555 4037 631 4072 nese
649 4019 762 4092 dixeriqt
779 4034 890 4078 aeterra,
922 4019 984 4068 satta
1003 4023 1110 4075 censue,

78 4095 154 4143 etiarn
172 4111 202 4144 ex
220 4093 337 4144 Juvenal.
355 4093 381 4150 l,
398 4093 424 4144 i.
467 4091 581 4143 Certant
596 4103 685 4142 nmen
701 4093 811 4150 rireaes,
835 4107 867 4142 ae
884 4087 917 4140 ed
933 4085 1033 4136 schole·
1050 4099 1112 4134 m·

79 4161 190 4212 danicae
209 4163 316 4214 afferant
332 4179 390 4213 um
408 4163 479 4214 verbi
497 4165 643 4218 actionem,
662 4177 726 4226 quae
742 4175 858 4228 expressa
876 4155 958 4212 eat‘in
970 4153 1110 4212 narheim
1128 4181 1135 4190 ‚

77 4228 255 4298 permititur
273 4231 491 4302 iuterpreurione.
525 4227 609 4283 Vertit
626 4232 696 4282 cuitu
714 4227 867 4283 Deaneraa:
884 4222 1009 4280 aarum.
