<?xml version="1.0" encoding="UTF-8"?>
<!DOCTYPE html PUBLIC "-//W3C//DTD XHTML 1.0 Transitional//EN"
    "http://www.w3.org/TR/xhtml1/DTD/xhtml1-transitional.dtd">
<html xmlns="http://www.w3.org/1999/xhtml" xml:lang="en" lang="en">
 <head>
  <title>
</title>
<meta http-equiv="Content-Type" content="text/html;charset=utf-8" />
  <meta name='ocr-system' content='tesseract 3.04.00' />
  <meta name='ocr-capabilities' content='ocr_page ocr_carea ocr_par ocr_line ocrx_word'/>
</head>
<body>
  <div class='ocr_page' id='page_1' title='image "./miscellaneamaxi01seebgoog_0696.png"; bbox 0 0 2502 4630; ppageno 0'>
   <div class='ocr_carea' id='block_1_1' title="bbox 32 155 374 276">
    <p class='ocr_par' dir='ltr' id='par_1_1' title="bbox 32 155 374 276">
     <span class='ocr_line' id='line_1_1' title="bbox 32 155 374 276; baseline 0 -108"><span class='ocrx_word' id='word_1_1' title='bbox 32 155 374 276; x_wconf 29' lang='lat' dir='ltr'><strong>&#39;tessffl</strong></span> 
     </span>
    </p>
   </div>
   <div class='ocr_carea' id='block_1_2' title="bbox 46 388 1228 4174">
    <p class='ocr_par' dir='ltr' id='par_1_2' title="bbox 114 388 1227 1070">
     <span class='ocr_line' id='line_1_2' title="bbox 114 388 1219 486; baseline 0 -24"><span class='ocrx_word' id='word_1_2' title='bbox 114 427 118 436; x_wconf 85' lang='lat'><em>·</em></span> <span class='ocrx_word' id='word_1_3' title='bbox 160 391 231 462; x_wconf 73' lang='lat'><strong>159.</strong></span> <span class='ocrx_word' id='word_1_4' title='bbox 252 411 287 478; x_wconf 80' lang='lat' dir='ltr'><strong>p.</strong></span> <span class='ocrx_word' id='word_1_5' title='bbox 309 393 399 470; x_wconf 65' lang='lat'><strong>229,</strong></span> <span class='ocrx_word' id='word_1_6' title='bbox 433 389 540 479; x_wconf 83' lang='lat' dir='ltr'><strong>Kriig.</strong></span> <span class='ocrx_word' id='word_1_7' title='bbox 569 391 605 456; x_wconf 87' lang='lat' dir='ltr'><strong>in</strong></span> <span class='ocrx_word' id='word_1_8' title='bbox 627 391 841 480; x_wconf 52' lang='lat' dir='ltr'><strong>Commentp</strong></span> <span class='ocrx_word' id='word_1_9' title='bbox 856 392 898 460; x_wconf 86' lang='lat' dir='ltr'><strong>ud</strong></span> <span class='ocrx_word' id='word_1_10' title='bbox 926 388 1081 486; x_wconf 77' lang='lat' dir='ltr'><strong>Dibnysii</strong></span> <span class='ocrx_word' id='word_1_11' title='bbox 1101 391 1163 460; x_wconf 79' lang='lat' dir='ltr'><strong>un</strong></span> <span class='ocrx_word' id='word_1_12' title='bbox 1177 395 1219 462; x_wconf 85' lang='lat' dir='ltr'><strong>lli·</strong></span> 
     </span>
     <span class='ocr_line' id='line_1_3' title="bbox 157 467 1221 564; baseline 0.007 -25"><span class='ocrx_word' id='word_1_13' title='bbox 157 477 313 561; x_wconf 86' lang='lat' dir='ltr'><strong>storiogr.</strong></span> <span class='ocrx_word' id='word_1_14' title='bbox 340 496 377 560; x_wconf 90' lang='lat' dir='ltr'><strong>p.</strong></span> <span class='ocrx_word' id='word_1_15' title='bbox 398 479 488 542; x_wconf 64' lang='lat' dir='ltr'><strong>usta</strong></span> <span class='ocrx_word' id='word_1_16' title='bbox 503 486 537 540; x_wconf 83' lang='lat' dir='ltr'><strong>et</strong></span> <span class='ocrx_word' id='word_1_17' title='bbox 570 473 721 564; x_wconf 82' lang='lat' dir='ltr'><strong>quumvis</strong></span> <span class='ocrx_word' id='word_1_18' title='bbox 754 467 944 550; x_wconf 77' lang='lat' dir='ltr'><strong>dubitenter</strong></span> <span class='ocrx_word' id='word_1_19' title='bbox 975 477 1015 542; x_wconf 90' lang='lat' dir='ltr'><strong>B.</strong></span> <span class='ocrx_word' id='word_1_20' title='bbox 1050 474 1221 547; x_wconf 81' lang='lat' dir='ltr'><strong>Weiikcds</strong></span> 
     </span>
     <span class='ocr_line' id='line_1_4' title="bbox 155 557 1221 650; baseline 0.007 -29"><span class='ocrx_word' id='word_1_21' title='bbox 155 558 354 648; x_wconf 79' lang='lat' dir='ltr'><strong>pleonasm..</strong></span> <span class='ocrx_word' id='word_1_22' title='bbox 367 557 422 642; x_wconf 72' lang='lat' dir='ltr'><strong>Gr.</strong></span> <span class='ocrx_word' id='word_1_23' title='bbox 449 577 484 646; x_wconf 87' lang='lat' dir='ltr'><strong>p.</strong></span> <span class='ocrx_word' id='word_1_24' title='bbox 507 564 597 637; x_wconf 68' lang='lat'>181„</span> <span class='ocrx_word' id='word_1_25' title='bbox 630 559 695 628; x_wconf 81' lang='lat' dir='ltr'><strong>clii·</strong></span> <span class='ocrx_word' id='word_1_26' title='bbox 740 561 839 626; x_wconf 78' lang='lat' dir='ltr'><strong>Peuci</strong></span> <span class='ocrx_word' id='word_1_27' title='bbox 858 561 993 626; x_wconf 73' lang='lat' dir='ltr'><strong>firment</strong></span> <span class='ocrx_word' id='word_1_28' title='bbox 1014 562 1072 650; x_wconf 90' lang='lat' dir='ltr'><strong>qni</strong></span> <span class='ocrx_word' id='word_1_29' title='bbox 1092 563 1221 628; x_wconf 74' lang='lat' dir='ltr'><strong>connod-</strong></span> 
     </span>
     <span class='ocr_line' id='line_1_5' title="bbox 155 641 1221 730; baseline 0.006 -22"><span class='ocrx_word' id='word_1_30' title='bbox 155 653 284 723; x_wconf 81' lang='lat' dir='ltr'><strong>serent,</strong></span> <span class='ocrx_word' id='word_1_31' title='bbox 317 641 501 730; x_wconf 83' lang='lat' dir='ltr'><strong>exquibus</strong></span> <span class='ocrx_word' id='word_1_32' title='bbox 522 643 609 710; x_wconf 88' lang='lat' dir='ltr'><strong>mihi</strong></span> <span class='ocrx_word' id='word_1_33' title='bbox 629 643 665 708; x_wconf 91' lang='lat' dir='ltr'><strong>hi</strong></span> <span class='ocrx_word' id='word_1_34' title='bbox 684 655 815 716; x_wconf 85' lang='lat' dir='ltr'><strong>tentum</strong></span> <span class='ocrx_word' id='word_1_35' title='bbox 834 647 1070 712; x_wconf 85' lang='lat' dir='ltr'><strong>innotuerunt:</strong></span> <span class='ocrx_word' id='word_1_36' title='bbox 1104 646 1221 714; x_wconf 79' lang='lat' dir='ltr'><strong>nhnsch</strong></span> 
     </span>
     <span class='ocr_line' id='line_1_6' title="bbox 153 724 1225 818; baseline 0.004 -26"><span class='ocrx_word' id='word_1_37' title='bbox 153 725 297 792; x_wconf 85' lang='lat' dir='ltr'><strong>Dilucid.</strong></span> <span class='ocrx_word' id='word_1_38' title='bbox 324 724 495 815; x_wconf 87' lang='lat' dir='ltr'><strong>Thucyd.·</strong></span> <span class='ocrx_word' id='word_1_39' title='bbox 514 725 555 792; x_wconf 84' lang='lat' dir='ltr'><strong>ud</strong></span> <span class='ocrx_word' id='word_1_40' title='bbox 578 728 695 808; x_wconf 50' lang='lat' dir='ltr'><strong>libel,</strong></span> <span class='ocrx_word' id='word_1_41' title='bbox 717 733 769 796; x_wconf 82' lang='lat'><strong>77.</strong></span> <span class='ocrx_word' id='word_1_42' title='bbox 808 729 883 818; x_wconf 92' lang='lat' dir='ltr'><strong>(qui</strong></span> <span class='ocrx_word' id='word_1_43' title='bbox 911 742 1024 796; x_wconf 81' lang='lat' dir='ltr'><strong>temen</strong></span> <span class='ocrx_word' id='word_1_44' title='bbox 1050 731 1120 818; x_wconf 87' lang='lat' dir='ltr'><strong>ipse</strong></span> <span class='ocrx_word' id='word_1_45' title='bbox 1143 743 1225 818; x_wconf 81' lang='lat' dir='ltr'><strong>postes</strong></span> 
     </span>
     <span class='ocr_line' id='line_1_7' title="bbox 155 809 1226 904; baseline 0.006 -30"><span class='ocrx_word' id='word_1_46' title='bbox 155 811 351 884; x_wconf 73' lang='lat' dir='ltr'><strong>sententium</strong></span> <span class='ocrx_word' id='word_1_47' title='bbox 365 809 586 898; x_wconf 79' lang='lat' dir='ltr'><strong>retractavit),</strong></span> <span class='ocrx_word' id='word_1_48' title='bbox 608 814 759 900; x_wconf 83' lang='lat' dir='ltr'><strong>Hoogev.</strong></span> <span class='ocrx_word' id='word_1_49' title='bbox 782 811 822 878; x_wconf 89' lang='lat' dir='ltr'><strong>de</strong></span> <span class='ocrx_word' id='word_1_50' title='bbox 842 826 927 902; x_wconf 79' lang='lat' dir='ltr'><strong>pert.</strong></span> <span class='ocrx_word' id='word_1_51' title='bbox 946 814 970 878; x_wconf 89' lang='lat' dir='ltr'><strong>l.</strong></span> <span class='ocrx_word' id='word_1_52' title='bbox 995 815 1055 880; x_wconf 88' lang='lat' dir='ltr'><strong>Gr.</strong></span> <span class='ocrx_word' id='word_1_53' title='bbox 1076 837 1108 902; x_wconf 89' lang='lat' dir='ltr'><strong>p.</strong></span> <span class='ocrx_word' id='word_1_54' title='bbox 1127 815 1177 884; x_wconf 79' lang='lat'><strong>461</strong></span> <span class='ocrx_word' id='word_1_55' title='bbox 1194 841 1226 904; x_wconf 85' lang='lat' dir='ltr'><strong>sq.</strong></span> 
     </span>
     <span class='ocr_line' id='line_1_8' title="bbox 156 893 1226 986; baseline 0.003 -26"><span class='ocrx_word' id='word_1_56' title='bbox 156 895 311 962; x_wconf 76' lang='lat' dir='ltr'><strong>seusun.</strong></span> <span class='ocrx_word' id='word_1_57' title='bbox 339 893 380 958; x_wconf 86' lang='lat' dir='ltr'><strong>ed</strong></span> <span class='ocrx_word' id='word_1_58' title='bbox 409 893 483 984; x_wconf 86' lang='lat' dir='ltr'><strong>Vig.</strong></span> <span class='ocrx_word' id='word_1_59' title='bbox 519 919 554 984; x_wconf 91' lang='lat' dir='ltr'><strong>p.</strong></span> <span class='ocrx_word' id='word_1_60' title='bbox 575 901 650 962; x_wconf 84' lang='lat'><strong>409.</strong></span> <span class='ocrx_word' id='word_1_61' title='bbox 683 897 741 984; x_wconf 91' lang='lat' dir='ltr'><strong>qui</strong></span> <span class='ocrx_word' id='word_1_62' title='bbox 770 905 802 962; x_wconf 87' lang='lat' dir='ltr'><strong>et</strong></span> <span class='ocrx_word' id='word_1_63' title='bbox 829 897 900 986; x_wconf 86' lang='lat' dir='ltr'><strong>ipse</strong></span> <span class='ocrx_word' id='word_1_64' title='bbox 936 898 977 964; x_wconf 85' lang='lat' dir='ltr'><strong>ad</strong></span> <span class='ocrx_word' id='word_1_65' title='bbox 1009 898 1096 964; x_wconf 85' lang='lat' dir='ltr'><strong>Xon.</strong></span> <span class='ocrx_word' id='word_1_66' title='bbox 1132 900 1226 985; x_wconf 77' lang='lat' dir='ltr'><strong>Cyrop.</strong></span> 
     </span>
     <span class='ocr_line' id='line_1_9' title="bbox 148 969 1227 1070; baseline 0.003 -26"><span class='ocrx_word' id='word_1_67' title='bbox 148 969 217 1059; x_wconf 68' lang='lat' dir='ltr'><strong>¹Vl,</strong></span> <span class='ocrx_word' id='word_1_68' title='bbox 246 983 282 1058; x_wconf 78' lang='lat'><strong>2,</strong></span> <span class='ocrx_word' id='word_1_69' title='bbox 313 981 351 1046; x_wconf 92' lang='grc'><strong>10</strong></span> <span class='ocrx_word' id='word_1_70' title='bbox 375 977 450 1066; x_wconf 82' lang='lat'>(25)</span> <span class='ocrx_word' id='word_1_71' title='bbox 489 1002 532 1044; x_wconf 83' lang='lat' dir='ltr'><strong>ex</strong></span> <span class='ocrx_word' id='word_1_72' title='bbox 563 979 689 1067; x_wconf 82' lang='lat' dir='ltr'><strong>vulgari</strong></span> <span class='ocrx_word' id='word_1_73' title='bbox 716 979 874 1066; x_wconf 87' lang='lat' dir='ltr'><strong>opinione</strong></span> <span class='ocrx_word' id='word_1_74' title='bbox 901 979 963 1046; x_wconf 82' lang='lat' dir='ltr'><strong>huc</strong></span> <span class='ocrx_word' id='word_1_75' title='bbox 990 981 1031 1046; x_wconf 88' lang='lat' dir='ltr'><strong>dc</strong></span> <span class='ocrx_word' id='word_1_76' title='bbox 1060 1005 1097 1046; x_wconf 91' lang='lat' dir='ltr'><strong>re</strong></span> <span class='ocrx_word' id='word_1_77' title='bbox 1127 979 1227 1070; x_wconf 79' lang='lat' dir='ltr'><strong>judicat</strong></span> 
     </span>
    </p>

    <p class='ocr_par' dir='ltr' id='par_1_3' title="bbox 47 1062 1228 1320">
     <span class='ocr_line' id='line_1_10' title="bbox 47 1062 1227 1152; baseline 0.002 -24"><span class='ocrx_word' id='word_1_78' title='bbox 47 1131 49 1137; x_wconf 73' lang='grc'>,</span> <span class='ocrx_word' id='word_1_79' title='bbox 155 1063 221 1128; x_wconf 86' lang='lat' dir='ltr'><strong>Sed</strong></span> <span class='ocrx_word' id='word_1_80' title='bbox 251 1069 356 1150; x_wconf 85' lang='lat' dir='ltr'><strong>quum</strong></span> <span class='ocrx_word' id='word_1_81' title='bbox 385 1062 510 1128; x_wconf 87' lang='lat' dir='ltr'><strong>horum</strong></span> <span class='ocrx_word' id='word_1_82' title='bbox 530 1063 640 1128; x_wconf 88' lang='lat' dir='ltr'><strong>nullus</strong></span> <span class='ocrx_word' id='word_1_83' title='bbox 668 1067 840 1145; x_wconf 87' lang='lat' dir='ltr'><strong>omnium,</strong></span> <span class='ocrx_word' id='word_1_84' title='bbox 867 1067 926 1152; x_wconf 91' lang='lat' dir='ltr'><strong>qui</strong></span> <span class='ocrx_word' id='word_1_85' title='bbox 954 1067 990 1129; x_wconf 91' lang='lat' dir='ltr'><strong>in</strong></span> <span class='ocrx_word' id='word_1_86' title='bbox 1010 1065 1097 1130; x_wconf 84' lang='lat' dir='ltr'><strong>hene</strong></span> <span class='ocrx_word' id='word_1_87' title='bbox 1116 1089 1227 1130; x_wconf 75' lang='lat' dir='ltr'><strong>caussam</strong></span> 
     </span>
     <span class='ocr_line' id='line_1_11' title="bbox 154 1127 1227 1238; baseline 0.002 -26"><span class='ocrx_word' id='word_1_88' title='bbox 154 1127 262 1212; x_wconf 82' lang='lat' dir='ltr'><strong>ulierri</strong></span> <span class='ocrx_word' id='word_1_89' title='bbox 278 1147 395 1234; x_wconf 71' lang='lat' dir='ltr'><strong>solent,</strong></span> <span class='ocrx_word' id='word_1_90' title='bbox 410 1146 567 1212; x_wconf 86' lang='lat' dir='ltr'><strong>locorum</strong></span> <span class='ocrx_word' id='word_1_91' title='bbox 579 1151 743 1212; x_wconf 78' lang='lat' dir='ltr'><strong>rationem</strong></span> <span class='ocrx_word' id='word_1_92' title='bbox 762 1147 927 1230; x_wconf 78' lang='lat' dir='ltr'><strong>habuerit,</strong></span> <span class='ocrx_word' id='word_1_93' title='bbox 950 1161 1051 1236; x_wconf 85' lang='lat' dir='ltr'><strong>utque</strong></span> <span class='ocrx_word' id='word_1_94' title='bbox 1072 1149 1163 1214; x_wconf 81' lang='lat' dir='ltr'><strong>stiam</strong></span> <span class='ocrx_word' id='word_1_95' title='bbox 1176 1163 1227 1238; x_wconf 83' lang='lat' dir='ltr'><strong>post</strong></span> 
     </span>
     <span class='ocr_line' id='line_1_12' title="bbox 153 1227 1228 1320; baseline 0.002 -24"><span class='ocrx_word' id='word_1_96' title='bbox 153 1253 210 1296; x_wconf 89' lang='lat' dir='ltr'><strong>eos</strong></span> <span class='ocrx_word' id='word_1_97' title='bbox 234 1227 324 1295; x_wconf 81' lang='lat' dir='ltr'><strong>haud</strong></span> <span class='ocrx_word' id='word_1_98' title='bbox 343 1231 441 1318; x_wconf 80' lang='lat' dir='ltr'><strong>pauci</strong></span> <span class='ocrx_word' id='word_1_99' title='bbox 469 1231 671 1312; x_wconf 75' lang='lat' dir='ltr'><strong>exstiterint,</strong></span> <span class='ocrx_word' id='word_1_100' title='bbox 721 1233 779 1320; x_wconf 89' lang='lat' dir='ltr'><strong>qui</strong></span> <span class='ocrx_word' id='word_1_101' title='bbox 806 1244 953 1298; x_wconf 83' lang='lat' dir='ltr'><strong>veterem</strong></span> <span class='ocrx_word' id='word_1_102' title='bbox 980 1234 1169 1320; x_wconf 85' lang='lat' dir='ltr'>opinionem</span> <span class='ocrx_word' id='word_1_103' title='bbox 1190 1235 1228 1298; x_wconf 75' lang='lat' dir='ltr'><strong>ds</strong></span> 
     </span>
    </p>

    <p class='ocr_par' dir='ltr' id='par_1_4' title="bbox 46 1311 1227 1405">
     <span class='ocr_line' id='line_1_13' title="bbox 46 1311 1227 1405; baseline -0.002 -23"><span class='ocrx_word' id='word_1_104' title='bbox 46 1371 50 1382; x_wconf 35' lang='lat' dir='ltr'><strong>s</strong></span> <span class='ocrx_word' id='word_1_105' title='bbox 152 1314 336 1392; x_wconf 61' lang='lat' dir='ltr'><strong>studerent,</strong></span> <span class='ocrx_word' id='word_1_106' title='bbox 384 1311 474 1380; x_wconf 81' lang='lat' dir='ltr'><strong>houd</strong></span> <span class='ocrx_word' id='word_1_107' title='bbox 501 1316 652 1382; x_wconf 85' lang='lat' dir='ltr'><strong>inutilem</strong></span> <span class='ocrx_word' id='word_1_108' title='bbox 677 1313 826 1382; x_wconf 78' lang='lat' dir='ltr'><strong>laborem</strong></span> <span class='ocrx_word' id='word_1_109' title='bbox 856 1318 1043 1405; x_wconf 83' lang='lat' dir='ltr'><strong>suscepturi</strong></span> <span class='ocrx_word' id='word_1_110' title='bbox 1072 1340 1139 1382; x_wconf 84' lang='lat' dir='ltr'><strong>esse</strong></span> <span class='ocrx_word' id='word_1_111' title='bbox 1162 1317 1227 1382; x_wconf 87' lang='lat' dir='ltr'><strong>nohis</strong></span> 
     </span>
    </p>

    <p class='ocr_par' dir='ltr' id='par_1_5' title="bbox 57 1397 1227 1656">
     <span class='ocr_line' id='line_1_14' title="bbox 57 1397 1227 1490; baseline 0.003 -27"><span class='ocrx_word' id='word_1_112' title='bbox 57 1437 60 1444; x_wconf 90' lang='lat'>·</span> <span class='ocrx_word' id='word_1_113' title='bbox 154 1399 324 1476; x_wconf 86' lang='lat' dir='ltr'><strong>videmur,</strong></span> <span class='ocrx_word' id='word_1_114' title='bbox 367 1397 397 1464; x_wconf 90' lang='lat' dir='ltr'><strong>si</strong></span> <span class='ocrx_word' id='word_1_115' title='bbox 418 1421 533 1466; x_wconf 87' lang='lat' dir='ltr'><strong>omnes</strong></span> <span class='ocrx_word' id='word_1_116' title='bbox 551 1399 662 1477; x_wconf 84' lang='lat' dir='ltr'><strong>locos,</strong></span> <span class='ocrx_word' id='word_1_117' title='bbox 694 1401 730 1464; x_wconf 90' lang='lat' dir='ltr'><strong>in</strong></span> <span class='ocrx_word' id='word_1_118' title='bbox 751 1400 869 1490; x_wconf 92' lang='lat' dir='ltr'><strong>quibus</strong></span> <span class='ocrx_word' id='word_1_119' title='bbox 890 1403 953 1466; x_wconf 85' lang='lat' dir='ltr'><strong>iste</strong></span> <span class='ocrx_word' id='word_1_120' title='bbox 973 1402 1177 1488; x_wconf 73' lang='lat' dir='ltr'><strong>pleonasmus</strong></span> <span class='ocrx_word' id='word_1_121' title='bbox 1192 1403 1227 1466; x_wconf 87' lang='lat' dir='ltr'><strong>in·</strong></span> 
     </span>
     <span class='ocr_line' id='line_1_15' title="bbox 154 1482 1227 1570; baseline 0 -22"><span class='ocrx_word' id='word_1_122' title='bbox 154 1505 225 1548; x_wconf 89' lang='lat' dir='ltr'><strong>esse</strong></span> <span class='ocrx_word' id='word_1_123' title='bbox 245 1483 414 1562; x_wconf 81' lang='lat' dir='ltr'><strong>statuitur,</strong></span> <span class='ocrx_word' id='word_1_124' title='bbox 449 1482 678 1570; x_wconf 77' lang='lat' dir='ltr'><strong>collegerimus</strong></span> <span class='ocrx_word' id='word_1_125' title='bbox 698 1495 730 1548; x_wconf 86' lang='lat' dir='ltr'><strong>ot</strong></span> <span class='ocrx_word' id='word_1_126' title='bbox 750 1484 1012 1550; x_wconf 71' lang='lat' dir='ltr'><strong>subsecundus</strong></span> <span class='ocrx_word' id='word_1_127' title='bbox 1037 1507 1227 1550; x_wconf 68' lang='lat' dir='ltr'><strong>exemeris</strong></span> 
     </span>
     <span class='ocr_line' id='line_1_16' title="bbox 153 1567 1227 1656; baseline -0.001 -23"><span class='ocrx_word' id='word_1_128' title='bbox 153 1570 356 1633; x_wconf 75' lang='lat' dir='ltr'><strong>severimus:</strong></span> <span class='ocrx_word' id='word_1_129' title='bbox 381 1567 426 1630; x_wconf 84' lang='lat' dir='ltr'><strong>ita</strong></span> <span class='ocrx_word' id='word_1_130' title='bbox 443 1578 498 1644; x_wconf 80' lang='lat' dir='ltr'><strong>nt,</strong></span> <span class='ocrx_word' id='word_1_131' title='bbox 537 1567 629 1654; x_wconf 85' lang='lat' dir='ltr'><strong>quod</strong></span> <span class='ocrx_word' id='word_1_132' title='bbox 649 1567 688 1633; x_wconf 88' lang='lat' dir='ltr'><strong>nb</strong></span> <span class='ocrx_word' id='word_1_133' title='bbox 711 1568 866 1634; x_wconf 89' lang='lat' dir='ltr'><strong>omnibns</strong></span> <span class='ocrx_word' id='word_1_134' title='bbox 887 1567 1060 1656; x_wconf 89' lang='lat' dir='ltr'><strong>bucusque</strong></span> <span class='ocrx_word' id='word_1_135' title='bbox 1080 1569 1227 1656; x_wconf 83' lang='lat' dir='ltr'><strong>neglectum</strong></span> 
     </span>
    </p>

    <p class='ocr_par' dir='ltr' id='par_1_6' title="bbox 153 1649 1226 1750">
     <span class='ocr_line' id='line_1_17' title="bbox 153 1649 1226 1750; baseline -0.003 -32"><span class='ocrx_word' id='word_1_136' title='bbox 153 1663 220 1730; x_wconf 84' lang='lat' dir='ltr'><strong>ost,</strong></span> <span class='ocrx_word' id='word_1_137' title='bbox 285 1671 362 1716; x_wconf 84' lang='lat' dir='ltr'><strong>uam</strong></span> <span class='ocrx_word' id='word_1_138' title='bbox 394 1650 542 1716; x_wconf 82' lang='lat' dir='ltr'><strong>monime</strong></span> <span class='ocrx_word' id='word_1_139' title='bbox 575 1649 647 1716; x_wconf 81' lang='lat' dir='ltr'><strong>fieti</strong></span> <span class='ocrx_word' id='word_1_140' title='bbox 712 1653 826 1730; x_wconf 74' lang='lat' dir='ltr'><strong>olent,</strong></span> <span class='ocrx_word' id='word_1_141' title='bbox 868 1653 988 1718; x_wconf 80' lang='lat' dir='ltr'><strong>similia</strong></span> <span class='ocrx_word' id='word_1_142' title='bbox 1009 1651 1226 1750; x_wconf 78' lang='lat' dir='ltr'><strong>conjungemus</strong></span> 
     </span>
    </p>

    <p class='ocr_par' dir='ltr' id='par_1_7' title="bbox 153 1673 1227 1886">
     <span class='ocr_line' id='line_1_18' title="bbox 153 1673 1227 1832; baseline 0 -32"><span class='ocrx_word' id='word_1_143' title='bbox 153 1735 232 1817; x_wconf 91' lang='lat' dir='ltr'><strong>Quo</strong></span> <span class='ocrx_word' id='word_1_144' title='bbox 252 1673 346 1832; x_wconf 29' lang='lat' dir='ltr'><strong>‘iacto</strong></span> <span class='ocrx_word' id='word_1_145' title='bbox 374 1731 499 1800; x_wconf 77' lang='lat' dir='ltr'><strong>facilius</strong></span> <span class='ocrx_word' id='word_1_146' title='bbox 524 1759 543 1800; x_wconf 84' lang='lat' dir='ltr'><strong>o</strong></span> <span class='ocrx_word' id='word_1_147' title='bbox 564 1735 642 1802; x_wconf 89' lang='lat' dir='ltr'><strong>viris</strong></span> <span class='ocrx_word' id='word_1_148' title='bbox 695 1737 789 1802; x_wconf 65' lang='lat' dir='ltr'><strong>octis‘</strong></span> <span class='ocrx_word' id='word_1_149' title='bbox 806 1735 868 1802; x_wconf 83' lang='lat' dir='ltr'><strong>huc</strong></span> <span class='ocrx_word' id='word_1_150' title='bbox 891 1737 931 1804; x_wconf 92' lang='lat' dir='ltr'><strong>de</strong></span> <span class='ocrx_word' id='word_1_151' title='bbox 949 1760 987 1802; x_wconf 88' lang='lat' dir='ltr'><strong>re</strong></span> <span class='ocrx_word' id='word_1_152' title='bbox 1007 1735 1166 1824; x_wconf 74' lang='lat' dir='ltr'><strong>judicium</strong></span> <span class='ocrx_word' id='word_1_153' title='bbox 1181 1735 1227 1800; x_wconf 81' lang='lat' dir='ltr'><strong>fini</strong></span> 
     </span>
     <span class='ocr_line' id='line_1_19' title="bbox 178 1831 437 1886; baseline -0.023 0"><span class='ocrx_word' id='word_1_154' title='bbox 178 1831 286 1886; x_wconf 87' lang='lat' dir='ltr'><strong>otent.</strong></span> <span class='ocrx_word' id='word_1_155' title='bbox 324 1845 329 1855; x_wconf 90' lang='grc'>·</span> <span class='ocrx_word' id='word_1_156' title='bbox 435 1873 437 1880; x_wconf 81' lang='grc'>,</span> 
     </span>
    </p>

    <p class='ocr_par' dir='ltr' id='par_1_8' title="bbox 151 1841 1225 1992">
     <span class='ocr_line' id='line_1_20' title="bbox 151 1841 1225 1992; baseline -0.003 -23"><span class='ocrx_word' id='word_1_157' title='bbox 151 1841 175 1908; x_wconf 68' lang='lat' dir='ltr'>p</span> <span class='ocrx_word' id='word_1_158' title='bbox 234 1907 281 1969; x_wconf 80' lang='lat' dir='ltr'><strong>Ao</strong></span> <span class='ocrx_word' id='word_1_159' title='bbox 307 1904 437 1992; x_wconf 90' lang='lat' dir='ltr'><strong>primus</strong></span> <span class='ocrx_word' id='word_1_160' title='bbox 469 1902 604 1991; x_wconf 82' lang='lat' dir='ltr'><strong>quidem</strong></span> <span class='ocrx_word' id='word_1_161' title='bbox 635 1904 664 1968; x_wconf 89' lang='lat' dir='ltr'><strong>is</strong></span> <span class='ocrx_word' id='word_1_162' title='bbox 689 1903 783 1976; x_wconf 87' lang='lat' dir='ltr'><strong>locus</strong></span> <span class='ocrx_word' id='word_1_163' title='bbox 809 1903 996 1968; x_wconf 72' lang='lat' dir='ltr'><strong>tractandus</strong></span> <span class='ocrx_word' id='word_1_164' title='bbox 1019 1916 1087 1984; x_wconf 87' lang='lat' dir='ltr'><strong>est,</strong></span> <span class='ocrx_word' id='word_1_165' title='bbox 1129 1904 1165 1968; x_wconf 87' lang='lat' dir='ltr'><strong>dc</strong></span> <span class='ocrx_word' id='word_1_166' title='bbox 1181 1923 1225 1988; x_wconf 83' lang='lat' dir='ltr'><strong>quc</strong></span> 
     </span>
    </p>

    <p class='ocr_par' dir='ltr' id='par_1_9' title="bbox 153 1987 1225 2076">
     <span class='ocr_line' id='line_1_21' title="bbox 153 1987 1225 2076; baseline -0.004 -22"><span class='ocrx_word' id='word_1_167' title='bbox 153 1989 333 2076; x_wconf 83' lang='lat' dir='ltr'><strong>Gregorius</strong></span> <span class='ocrx_word' id='word_1_168' title='bbox 370 1989 470 2066; x_wconf 69' lang='lat' dir='ltr'><strong>Cor„</strong></span> <span class='ocrx_word' id='word_1_169' title='bbox 536 2009 614 2054; x_wconf 91' lang='lat' dir='ltr'><strong>uem</strong></span> <span class='ocrx_word' id='word_1_170' title='bbox 643 1988 762 2054; x_wconf 85' lang='lat' dir='ltr'><strong>ducem</strong></span> <span class='ocrx_word' id='word_1_171' title='bbox 788 1988 859 2054; x_wconf 85' lang='lat' dir='ltr'><strong>fere</strong></span> <span class='ocrx_word' id='word_1_172' title='bbox 893 1999 925 2052; x_wconf 85' lang='lat' dir='ltr'><strong>et</strong></span> <span class='ocrx_word' id='word_1_173' title='bbox 956 1999 1128 2076; x_wconf 70' lang='lat' dir='ltr'><strong>ductorem</strong></span> <span class='ocrx_word' id='word_1_174' title='bbox 1155 1987 1225 2072; x_wconf 83' lang='lat' dir='ltr'><strong>hujus</strong></span> 
     </span>
    </p>

    <p class='ocr_par' dir='ltr' id='par_1_10' title="bbox 153 2011 1225 2160">
     <span class='ocr_line' id='line_1_22' title="bbox 153 2011 1225 2160; baseline -0.004 -22"><span class='ocrx_word' id='word_1_175' title='bbox 153 2072 321 2159; x_wconf 82' lang='lat' dir='ltr'><strong>opinionis</strong></span> <span class='ocrx_word' id='word_1_176' title='bbox 342 2069 463 2138; x_wconf 84' lang='lat' dir='ltr'><strong>hebere</strong></span> <span class='ocrx_word' id='word_1_177' title='bbox 483 2011 610 2150; x_wconf 81' lang='lat' dir='ltr'><strong>solent,</strong></span> <span class='ocrx_word' id='word_1_178' title='bbox 632 2095 808 2160; x_wconf 73' lang='lat' dir='ltr'><strong>perperam</strong></span> <span class='ocrx_word' id='word_1_179' title='bbox 828 2070 990 2159; x_wconf 83' lang='lat' dir='ltr'><strong>judicasse</strong></span> <span class='ocrx_word' id='word_1_180' title='bbox 1011 2073 1148 2138; x_wconf 86' lang='lat' dir='ltr'><strong>videtur.</strong></span> <span class='ocrx_word' id='word_1_181' title='bbox 1166 2073 1225 2134; x_wconf 78' lang='lat' dir='ltr'><strong>ve-</strong></span> 
     </span>
    </p>

    <p class='ocr_par' dir='ltr' id='par_1_11' title="bbox 105 2153 1225 2328">
     <span class='ocr_line' id='line_1_23' title="bbox 105 2153 1225 2244; baseline -0.007 -20"><span class='ocrx_word' id='word_1_182' title='bbox 105 2206 109 2216; x_wconf 38' lang='lat' dir='ltr'><strong>s</strong></span> <span class='ocrx_word' id='word_1_183' title='bbox 151 2157 194 2224; x_wconf 86' lang='lat' dir='ltr'><strong>bo</strong></span> <span class='ocrx_word' id='word_1_184' title='bbox 221 2153 445 2244; x_wconf 74' lang='lat' dir='ltr'><strong>Thucydidis,</strong></span> <span class='ocrx_word' id='word_1_185' title='bbox 486 2163 523 2235; x_wconf 87' lang='grc'><strong>8,</strong></span> <span class='ocrx_word' id='word_1_186' title='bbox 562 2159 614 2222; x_wconf 86' lang='lat'><strong>94.</strong></span> <span class='ocrx_word' id='word_1_187' title='bbox 659 2177 760 2243; x_wconf 81' lang='lat' dir='ltr'><strong>suprs</strong></span> <span class='ocrx_word' id='word_1_188' title='bbox 787 2155 910 2244; x_wconf 79' lang='lat' dir='ltr'><strong>partim</strong></span> <span class='ocrx_word' id='word_1_189' title='bbox 936 2154 1007 2242; x_wconf 80' lang='lat' dir='ltr'><strong>jum</strong></span> <span class='ocrx_word' id='word_1_190' title='bbox 1027 2156 1138 2236; x_wconf 70' lang='lat' dir='ltr'><strong>ellats,</strong></span> <span class='ocrx_word' id='word_1_191' title='bbox 1175 2177 1225 2218; x_wconf 87' lang='lat' dir='ltr'><strong>cun</strong></span> 
     </span>
     <span class='ocr_line' id='line_1_24' title="bbox 151 2239 1224 2328; baseline -0.007 -24"><span class='ocrx_word' id='word_1_192' title='bbox 151 2241 309 2328; x_wconf 65' lang='lat' dir='ltr'><strong>proxime</strong></span> <span class='ocrx_word' id='word_1_193' title='bbox 332 2239 596 2304; x_wconf 81' lang='lat' dir='ltr'><strong>antecedentibus</strong></span> <span class='ocrx_word' id='word_1_194' title='bbox 627 2249 660 2304; x_wconf 87' lang='lat' dir='ltr'><strong>et</strong></span> <span class='ocrx_word' id='word_1_195' title='bbox 686 2239 959 2326; x_wconf 75' lang='lat' dir='ltr'><strong>subsequentibus</strong></span> <span class='ocrx_word' id='word_1_196' title='bbox 981 2239 1063 2305; x_wconf 82' lang='lat' dir='ltr'><strong>hece</strong></span> <span class='ocrx_word' id='word_1_197' title='bbox 1084 2250 1169 2304; x_wconf 85' lang='lat' dir='ltr'><strong>suut:</strong></span> <span class='ocrx_word' id='word_1_198' title='bbox 1200 2243 1224 2298; x_wconf 79' lang='grc' dir='ltr'><strong>ίί</strong></span> 
     </span>
    </p>

    <p class='ocr_par' dir='ltr' id='par_1_12' title="bbox 151 2317 1224 2410">
     <span class='ocr_line' id='line_1_25' title="bbox 151 2317 1224 2410; baseline -0.005 -22"><span class='ocrx_word' id='word_1_199' title='bbox 151 2319 178 2389; x_wconf 79' lang='grc' dir='ltr'><strong>δ’</strong></span> <span class='ocrx_word' id='word_1_200' title='bbox 199 2317 238 2388; x_wconf 83' lang='grc' dir='ltr'><strong>αὖ</strong></span> <span class='ocrx_word' id='word_1_201' title='bbox 257 2320 442 2403; x_wconf 76' lang='grc' dir='ltr'><strong><em>Ἀθηναῖοι,</em></strong></span> <span class='ocrx_word' id='word_1_202' title='bbox 465 2317 505 2396; x_wconf 75' lang='grc' dir='ltr'><strong>οἷς</strong></span> <span class='ocrx_word' id='word_1_203' title='bbox 525 2321 656 2410; x_wconf 61' lang='lat' dir='ltr'><strong>clypei-dn</strong></span> <span class='ocrx_word' id='word_1_204' title='bbox 675 2319 797 2402; x_wconf 75' lang='grc' dir='ltr'><strong><em>αὐτοῖς,</em></strong></span> <span class='ocrx_word' id='word_1_205' title='bbox 817 2319 908 2396; x_wconf 72' lang='grc' dir='ltr'><strong><em>εὐθυς</em></strong></span> <span class='ocrx_word' id='word_1_206' title='bbox 929 2318 1033 2406; x_wconf 78' lang='grc' dir='ltr'><strong><em>δρόμῳ</em></strong></span> <span class='ocrx_word' id='word_1_207' title='bbox 1054 2327 1086 2398; x_wconf 74' lang='grc' dir='ltr'><strong>ἐς</strong></span> <span class='ocrx_word' id='word_1_208' title='bbox 1106 2321 1154 2389; x_wconf 72' lang='lat' dir='ltr'><strong>cdv</strong></span> <span class='ocrx_word' id='word_1_209' title='bbox 1173 2330 1224 2386; x_wconf 82' lang='lat' dir='ltr'><strong>llu-</strong></span> 
     </span>
    </p>

    <p class='ocr_par' dir='ltr' id='par_1_13' title="bbox 151 2399 1224 2511">
     <span class='ocr_line' id='line_1_26' title="bbox 151 2399 1224 2511; baseline -0.003 -40"><span class='ocrx_word' id='word_1_210' title='bbox 151 2409 218 2495; x_wconf 78' lang='grc' dir='ltr'><strong>ρυᾶ</strong></span> <span class='ocrx_word' id='word_1_211' title='bbox 244 2412 395 2490; x_wconf 77' lang='grc' dir='ltr'><strong><em>πανδημεί</em></strong></span> <span class='ocrx_word' id='word_1_212' title='bbox 426 2399 573 2511; x_wconf 52' lang='grc' dir='ltr'><strong>ἐξώθουν,</strong></span> <span class='ocrx_word' id='word_1_213' title='bbox 618 2407 659 2480; x_wconf 66' lang='grc' dir='ltr'><strong>οἷς</strong></span> <span class='ocrx_word' id='word_1_214' title='bbox 678 2408 734 2472; x_wconf 76' lang='grc' dir='ltr'><strong>τοῦ</strong></span> <span class='ocrx_word' id='word_1_215' title='bbox 755 2411 831 2472; x_wconf 77' lang='grc' dir='ltr'><strong><em>ἰδίου</em></strong></span> <span class='ocrx_word' id='word_1_216' title='bbox 850 2411 983 2491; x_wconf 62' lang='lat' dir='ltr'><strong>nol-eison</strong></span> <span class='ocrx_word' id='word_1_217' title='bbox 1003 2412 1136 2490; x_wconf 75' lang='grc' dir='ltr'><strong><em>μείζονος</em></strong></span> <span class='ocrx_word' id='word_1_218' title='bbox 1156 2399 1224 2483; x_wconf 73' lang='lat' dir='ltr'><strong>irbi</strong></span> 
     </span>
    </p>

    <p class='ocr_par' dir='ltr' id='par_1_14' title="bbox 81 2485 1224 2748">
     <span class='ocr_line' id='line_1_27' title="bbox 152 2485 1224 2577; baseline -0.007 -20"><span class='ocrx_word' id='word_1_219' title='bbox 152 2489 401 2572; x_wconf 81' lang='grc' dir='ltr'><strong><em>τῶυ’.ποί.εμίων,</em></strong></span> <span class='ocrx_word' id='word_1_220' title='bbox 422 2516 477 2576; x_wconf 85' lang='grc' dir='ltr'><strong>ουχ</strong></span> <span class='ocrx_word' id='word_1_221' title='bbox 500 2486 570 2565; x_wconf 77' lang='lat' dir='ltr'><strong>s‘uoir</strong></span> <span class='ocrx_word' id='word_1_222' title='bbox 593 2485 667 2558; x_wconf 66' lang='lat' dir='ltr'><strong>dud</strong></span> <span class='ocrx_word' id='word_1_223' title='bbox 688 2485 765 2577; x_wconf 77' lang='grc' dir='ltr'><strong>πρός</strong></span> <span class='ocrx_word' id='word_1_224' title='bbox 785 2492 829 2574; x_wconf 73' lang='grc' dir='ltr'><strong>τῷ</strong></span> <span class='ocrx_word' id='word_1_225' title='bbox 849 2494 948 2572; x_wconf 75' lang='grc' dir='ltr'><strong><em>λιμένι</em></strong></span> <span class='ocrx_word' id='word_1_226' title='bbox 967 2491 1065 2566; x_wconf 79' lang='grc' dir='ltr'><strong><em>ὄντος.</em></strong></span> <span class='ocrx_word' id='word_1_227' title='bbox 1106 2491 1153 2556; x_wconf 82' lang='lat' dir='ltr'><strong>Ad</strong></span> <span class='ocrx_word' id='word_1_228' title='bbox 1171 2489 1224 2552; x_wconf 79' lang='lat' dir='ltr'><strong>hsce</strong></span> 
     </span>
     <span class='ocr_line' id='line_1_28' title="bbox 81 2569 1223 2672; baseline -0.007 -30"><span class='ocrx_word' id='word_1_229' title='bbox 81 2584 86 2612; x_wconf 69' lang='lat'>⁸</span> <span class='ocrx_word' id='word_1_230' title='bbox 152 2577 332 2662; x_wconf 86' lang='lat' dir='ltr'><strong>Gregorius</strong></span> <span class='ocrx_word' id='word_1_231' title='bbox 352 2571 436 2654; x_wconf 74' lang='lat' dir='ltr'><strong>sisti,</strong></span> <span class='ocrx_word' id='word_1_232' title='bbox 475 2575 601 2664; x_wconf 90' lang='lat' dir='ltr'><strong>inquit,</strong></span> <span class='ocrx_word' id='word_1_233' title='bbox 637 2576 691 2640; x_wconf 76' lang='grc' dir='ltr'><strong>τοῦ</strong></span> <span class='ocrx_word' id='word_1_234' title='bbox 713 2579 790 2640; x_wconf 78' lang='grc' dir='ltr'><strong><em>ἰδίου</em></strong></span> <span class='ocrx_word' id='word_1_235' title='bbox 811 2580 942 2672; x_wconf 74' lang='grc' dir='ltr'><strong><em>πολέμου</em></strong></span> <span class='ocrx_word' id='word_1_236' title='bbox 963 2580 1097 2658; x_wconf 74' lang='grc' dir='ltr'><strong><em>μείζονος</em></strong></span> <span class='ocrx_word' id='word_1_237' title='bbox 1116 2569 1170 2639; x_wconf 77' lang='lat' dir='ltr'><strong>ciri</strong></span> <span class='ocrx_word' id='word_1_238' title='bbox 1185 2576 1223 2637; x_wconf 72' lang='lat' dir='ltr'><strong>uh</strong></span> 
     </span>
     <span class='ocr_line' id='line_1_29' title="bbox 150 2658 1223 2748; baseline -0.006 -24"><span class='ocrx_word' id='word_1_239' title='bbox 150 2664 314 2744; x_wconf 72' lang='grc' dir='ltr'><strong><em>πολεμίου,</em></strong></span> <span class='ocrx_word' id='word_1_240' title='bbox 353 2661 388 2726; x_wconf 92' lang='lat' dir='ltr'><strong>in</strong></span> <span class='ocrx_word' id='word_1_241' title='bbox 411 2659 530 2746; x_wconf 87' lang='lat' dir='ltr'><strong>quibus</strong></span> <span class='ocrx_word' id='word_1_242' title='bbox 550 2658 670 2747; x_wconf 88' lang='lat' dir='ltr'><strong>procul</strong></span> <span class='ocrx_word' id='word_1_243' title='bbox 691 2659 792 2724; x_wconf 91' lang='lat' dir='ltr'><strong>dubio</strong></span> <span class='ocrx_word' id='word_1_244' title='bbox 822 2661 1004 2748; x_wconf 78' lang='lat' dir='ltr'><strong>genitivum</strong></span> <span class='ocrx_word' id='word_1_245' title='bbox 1026 2663 1080 2726; x_wconf 80' lang='grc' dir='ltr'><strong>τοῦ</strong></span> <span class='ocrx_word' id='word_1_246' title='bbox 1097 2663 1167 2724; x_wconf 80' lang='grc' dir='ltr'><strong><em>ἰδίου</em></strong></span> <span class='ocrx_word' id='word_1_247' title='bbox 1184 2681 1223 2720; x_wconf 77' lang='grc' dir='ltr'><strong>ον</strong></span> 
     </span>
    </p>

    <p class='ocr_par' dir='ltr' id='par_1_15' title="bbox 144 2743 1223 2830">
     <span class='ocr_line' id='line_1_30' title="bbox 144 2743 1223 2830; baseline -0.007 -22"><span class='ocrx_word' id='word_1_248' title='bbox 144 2744 240 2826; x_wconf 71' lang='grc' dir='ltr'><strong><em>’λέμου</em></strong></span> <span class='ocrx_word' id='word_1_249' title='bbox 277 2769 296 2812; x_wconf 85' lang='lat' dir='ltr'><strong>u</strong></span> <span class='ocrx_word' id='word_1_250' title='bbox 331 2767 406 2810; x_wconf 84' lang='lat' dir='ltr'><strong>corn</strong></span> <span class='ocrx_word' id='word_1_251' title='bbox 435 2745 559 2809; x_wconf 86' lang='lat' dir='ltr'><strong>erotivo</strong></span> <span class='ocrx_word' id='word_1_252' title='bbox 593 2747 726 2825; x_wconf 75' lang='grc' dir='ltr'><strong><em>μείζονος</em></strong></span> <span class='ocrx_word' id='word_1_253' title='bbox 760 2745 903 2830; x_wconf 85' lang='lat' dir='ltr'><strong>pendere</strong></span> <span class='ocrx_word' id='word_1_254' title='bbox 931 2743 1014 2808; x_wconf 81' lang='lat' dir='ltr'><strong>vult.</strong></span> <span class='ocrx_word' id='word_1_255' title='bbox 1057 2744 1136 2809; x_wconf 83' lang='lat' dir='ltr'><strong>&#39;Sed</strong></span> <span class='ocrx_word' id='word_1_256' title='bbox 1166 2751 1223 2806; x_wconf 76' lang='lat' dir='ltr'><strong>mets</strong></span> 
     </span>
    </p>

    <p class='ocr_par' dir='ltr' id='par_1_16' title="bbox 82 2825 1225 3252">
     <span class='ocr_line' id='line_1_31' title="bbox 82 2825 1225 2915; baseline -0.008 -21"><span class='ocrx_word' id='word_1_257' title='bbox 82 2843 85 2854; x_wconf 89' lang='grc'><strong>’</strong></span> <span class='ocrx_word' id='word_1_258' title='bbox 150 2829 319 2906; x_wconf 87' lang='lat' dir='ltr'><strong>Koenius,</strong></span> <span class='ocrx_word' id='word_1_259' title='bbox 357 2829 386 2893; x_wconf 92' lang='lat' dir='ltr'>D</span> <span class='ocrx_word' id='word_1_260' title='bbox 438 2850 512 2895; x_wconf 81' lang='lat' dir='ltr'><strong>erus</strong></span> <span class='ocrx_word' id='word_1_261' title='bbox 535 2827 653 2914; x_wconf 86' lang='lat' dir='ltr'><strong>sliique</strong></span> <span class='ocrx_word' id='word_1_262' title='bbox 680 2825 765 2892; x_wconf 81' lang='lat' dir='ltr'><strong>benc</strong></span> <span class='ocrx_word' id='word_1_263' title='bbox 793 2827 1100 2915; x_wconf 77' lang='lat' dir='ltr'><strong>interpretationem</strong></span> <span class='ocrx_word' id='word_1_264' title='bbox 1120 2837 1225 2915; x_wconf 80' lang='lat' dir='ltr'><strong>propter</strong></span> 
     </span>
     <span class='ocr_line' id='line_1_32' title="bbox 152 2909 1225 2999; baseline -0.009 -23"><span class='ocrx_word' id='word_1_265' title='bbox 152 2913 405 2978; x_wconf 81' lang='lat' dir='ltr'><strong>collocationem</strong></span> <span class='ocrx_word' id='word_1_266' title='bbox 438 2911 618 2977; x_wconf 87' lang='lat' dir='ltr'><strong>verborum</strong></span> <span class='ocrx_word' id='word_1_267' title='bbox 652 2909 731 2976; x_wconf 86' lang='lat' dir='ltr'><strong>semi</strong></span> <span class='ocrx_word' id='word_1_268' title='bbox 764 2933 834 2976; x_wconf 88' lang='lat' dir='ltr'><strong>non</strong></span> <span class='ocrx_word' id='word_1_269' title='bbox 872 2933 972 2999; x_wconf 89' lang='lat' dir='ltr'><strong>posse</strong></span> <span class='ocrx_word' id='word_1_270' title='bbox 1009 2911 1225 2978; x_wconf 81' lang='lat' dir='ltr'><strong>intellexerunt:</strong></span> 
     </span>
     <span class='ocr_line' id='line_1_33' title="bbox 153 2993 1223 3084; baseline -0.006 -24"><span class='ocrx_word' id='word_1_271' title='bbox 153 3017 262 3083; x_wconf 85' lang='lat' dir='ltr'><strong>neque</strong></span> <span class='ocrx_word' id='word_1_272' title='bbox 283 3008 393 3060; x_wconf 81' lang='lat' dir='ltr'><strong>temen</strong></span> <span class='ocrx_word' id='word_1_273' title='bbox 407 2996 519 3084; x_wconf 68' lang='lat' dir='ltr'><strong>⁴mngis</strong></span> <span class='ocrx_word' id='word_1_274' title='bbox 541 2993 639 3062; x_wconf 85' lang='lat' dir='ltr'><strong>verbe</strong></span> <span class='ocrx_word' id='word_1_275' title='bbox 660 3016 737 3060; x_wconf 84' lang='lat' dir='ltr'><strong>curn</strong></span> <span class='ocrx_word' id='word_1_276' title='bbox 760 2993 892 3060; x_wconf 91' lang='lat' dir='ltr'><strong>Koenio</strong></span> <span class='ocrx_word' id='word_1_277' title='bbox 913 2995 1167 3084; x_wconf 75' lang='lat' dir='ltr'><strong>transponendo,</strong></span> <span class='ocrx_word' id='word_1_278' title='bbox 1183 3014 1223 3054; x_wconf 82' lang='lat' dir='ltr'><strong>ns·</strong></span> 
     </span>
     <span class='ocr_line' id='line_1_34' title="bbox 151 3075 1223 3169; baseline -0.006 -25"><span class='ocrx_word' id='word_1_279' title='bbox 151 3103 217 3169; x_wconf 89' lang='lat' dir='ltr'><strong>que</strong></span> <span class='ocrx_word' id='word_1_280' title='bbox 242 3103 319 3144; x_wconf 89' lang='lat' dir='ltr'><strong>cum</strong></span> <span class='ocrx_word' id='word_1_281' title='bbox 338 3080 476 3144; x_wconf 85' lang='lat' dir='ltr'><strong>Dukero</strong></span> <span class='ocrx_word' id='word_1_282' title='bbox 506 3075 541 3144; x_wconf 80' lang='lat' dir='ltr'><strong>osi</strong></span> <span class='ocrx_word' id='word_1_283' title='bbox 562 3091 635 3144; x_wconf 85' lang='lat' dir='ltr'><strong>ente</strong></span> <span class='ocrx_word' id='word_1_284' title='bbox 664 3083 795 3160; x_wconf 80' lang='grc' dir='ltr'><strong><em>μείζονος</em></strong></span> <span class='ocrx_word' id='word_1_285' title='bbox 815 3079 1043 3160; x_wconf 89' lang='lat' dir='ltr'><strong>inserendum,</strong></span> <span class='ocrx_word' id='word_1_286' title='bbox 1085 3101 1142 3144; x_wconf 91' lang='lat' dir='ltr'><strong>nec</strong></span> <span class='ocrx_word' id='word_1_287' title='bbox 1160 3075 1223 3140; x_wconf 79' lang='lat' dir='ltr'><strong>deni·</strong></span> 
     </span>
     <span class='ocr_line' id='line_1_35' title="bbox 151 3160 1223 3252; baseline -0.007 -22"><span class='ocrx_word' id='word_1_288' title='bbox 151 3187 216 3252; x_wconf 79' lang='lat' dir='ltr'><strong>que</strong></span> <span class='ocrx_word' id='word_1_289' title='bbox 238 3187 314 3228; x_wconf 90' lang='lat' dir='ltr'><strong>cum</strong></span> <span class='ocrx_word' id='word_1_290' title='bbox 335 3163 516 3228; x_wconf 88' lang='lat' dir='ltr'><strong>d’Orvillio</strong></span> <span class='ocrx_word' id='word_1_291' title='bbox 538 3163 727 3238; x_wconf 74' lang='lat' dir='ltr'><strong>udChnrit.·</strong></span> <span class='ocrx_word' id='word_1_292' title='bbox 741 3185 777 3251; x_wconf 90' lang='lat' dir='ltr'><strong>p.</strong></span> <span class='ocrx_word' id='word_1_293' title='bbox 791 3165 873 3230; x_wconf 79' lang='lat' dir='ltr'><strong>·¹l94.</strong></span> <span class='ocrx_word' id='word_1_294' title='bbox 897 3161 950 3251; x_wconf 91' lang='lat' dir='ltr'><strong>(p.</strong></span> <span class='ocrx_word' id='word_1_295' title='bbox 968 3167 1042 3230; x_wconf 80' lang='lat'>501.</span> <span class='ocrx_word' id='word_1_296' title='bbox 1063 3165 1114 3228; x_wconf 89' lang='lat' dir='ltr'><strong>ed.</strong></span> <span class='ocrx_word' id='word_1_297' title='bbox 1129 3160 1223 3238; x_wconf 74' lang='lat' dir='ltr'><strong>nest.)</strong></span> 
     </span>
    </p>

    <p class='ocr_par' dir='ltr' id='par_1_17' title="bbox 90 3244 1223 3419">
     <span class='ocr_line' id='line_1_36' title="bbox 90 3244 1223 3335; baseline -0.005 -23"><span class='ocrx_word' id='word_1_298' title='bbox 90 3305 93 3312; x_wconf 87' lang='lat'><em>.</em></span> <span class='ocrx_word' id='word_1_299' title='bbox 150 3251 267 3331; x_wconf 75' lang='grc' dir='ltr'><strong><em>μείονος</em></strong></span> <span class='ocrx_word' id='word_1_300' title='bbox 307 3269 370 3334; x_wconf 89' lang='lat' dir='ltr'><strong>pro</strong></span> <span class='ocrx_word' id='word_1_301' title='bbox 409 3251 541 3332; x_wconf 81' lang='grc' dir='ltr'><strong><em>μείζονος</em></strong></span> <span class='ocrx_word' id='word_1_302' title='bbox 574 3247 605 3312; x_wconf 84' lang='grc' dir='ltr'><strong>1ο</strong></span> <span class='ocrx_word' id='word_1_303' title='bbox 629 3246 751 3312; x_wconf 87' lang='lat' dir='ltr'><strong>endum</strong></span> <span class='ocrx_word' id='word_1_304' title='bbox 788 3247 960 3312; x_wconf 83' lang='lat' dir='ltr'><strong>existimo:</strong></span> <span class='ocrx_word' id='word_1_305' title='bbox 1002 3269 1143 3335; x_wconf 74' lang='lat' dir='ltr'><strong>natuque</strong></span> <span class='ocrx_word' id='word_1_306' title='bbox 1169 3244 1223 3306; x_wconf 77' lang='lat' dir='ltr'><strong>hoec</strong></span> 
     </span>
     <span class='ocr_line' id='line_1_37' title="bbox 152 3329 1223 3419; baseline -0.01 -21"><span class='ocrx_word' id='word_1_307' title='bbox 152 3333 280 3411; x_wconf 83' lang='lat' dir='ltr'><strong>omnin,</strong></span> <span class='ocrx_word' id='word_1_308' title='bbox 323 3331 388 3396; x_wconf 87' lang='lat' dir='ltr'><strong>nisi</strong></span> <span class='ocrx_word' id='word_1_309' title='bbox 414 3353 552 3419; x_wconf 90' lang='lat' dir='ltr'><strong>prorsus</strong></span> <span class='ocrx_word' id='word_1_310' title='bbox 581 3329 595 3394; x_wconf 84' lang='lat' dir='ltr'><strong>i</strong></span> <span class='ocrx_word' id='word_1_311' title='bbox 639 3353 695 3408; x_wconf 90' lang='lat' dir='ltr'><strong>or,</strong></span> <span class='ocrx_word' id='word_1_312' title='bbox 738 3329 804 3396; x_wconf 91' lang='lat' dir='ltr'><strong>loci</strong></span> <span class='ocrx_word' id='word_1_313' title='bbox 832 3333 1028 3396; x_wconf 82' lang='lat' dir='ltr'><strong>sententium</strong></span> <span class='ocrx_word' id='word_1_314' title='bbox 1053 3337 1223 3419; x_wconf 79' lang='lat' dir='ltr'><strong>pervertunt</strong></span> 
     </span>
    </p>

    <p class='ocr_par' dir='ltr' id='par_1_18' title="bbox 83 3413 1225 4174">
     <span class='ocr_line' id='line_1_38' title="bbox 83 3413 1225 3512; baseline -0.008 -29"><span class='ocrx_word' id='word_1_315' title='bbox 83 3451 93 3510; x_wconf 43' lang='grc' dir='ltr'><strong>Ι·</strong></span> <span class='ocrx_word' id='word_1_316' title='bbox 149 3417 199 3483; x_wconf 90' lang='lat' dir='ltr'><strong>Ut</strong></span> <span class='ocrx_word' id='word_1_317' title='bbox 226 3414 280 3480; x_wconf 89' lang='lat' dir='ltr'><strong>hic</strong></span> <span class='ocrx_word' id='word_1_318' title='bbox 307 3413 402 3490; x_wconf 87' lang='lat' dir='ltr'><strong>locus</strong></span> <span class='ocrx_word' id='word_1_319' title='bbox 440 3426 527 3499; x_wconf 79' lang='lat' dir='ltr'><strong>recte</strong></span> <span class='ocrx_word' id='word_1_320' title='bbox 556 3414 694 3512; x_wconf 88' lang='lat' dir='ltr'><strong>intelligi</strong></span> <span class='ocrx_word' id='word_1_321' title='bbox 719 3415 845 3501; x_wconf 88' lang='lat' dir='ltr'><strong>possit,</strong></span> <span class='ocrx_word' id='word_1_322' title='bbox 886 3414 1066 3480; x_wconf 88' lang='lat' dir='ltr'><strong>tenendum</strong></span> <span class='ocrx_word' id='word_1_323' title='bbox 1099 3425 1146 3479; x_wconf 81' lang='lat' dir='ltr'><strong>est</strong></span> <span class='ocrx_word' id='word_1_324' title='bbox 1174 3421 1225 3474; x_wconf 79' lang='lat' dir='ltr'><strong>enlc</strong></span> 
     </span>
     <span class='ocr_line' id='line_1_39' title="bbox 150 3495 1223 3586; baseline -0.01 -20"><span class='ocrx_word' id='word_1_325' title='bbox 150 3501 278 3578; x_wconf 83' lang='lat' dir='ltr'><strong>omnic,</strong></span> <span class='ocrx_word' id='word_1_326' title='bbox 323 3497 575 3566; x_wconf 83' lang='lat' dir='ltr'><strong>Atheniensium</strong></span> <span class='ocrx_word' id='word_1_327' title='bbox 610 3500 783 3564; x_wconf 78' lang='lat' dir='ltr'><strong>ciuitatem·</strong></span> <span class='ocrx_word' id='word_1_328' title='bbox 811 3509 890 3562; x_wconf 90' lang='lat' dir='ltr'><strong>tunc</strong></span> <span class='ocrx_word' id='word_1_329' title='bbox 916 3498 1078 3586; x_wconf 88' lang='lat' dir='ltr'><strong>temporis</strong></span> <span class='ocrx_word' id='word_1_330' title='bbox 1106 3499 1140 3562; x_wconf 91' lang='lat' dir='ltr'><strong>in</strong></span> <span class='ocrx_word' id='word_1_331' title='bbox 1168 3495 1223 3558; x_wconf 82' lang='lat' dir='ltr'><strong>dun</strong></span> 
     </span>
     <span class='ocr_line' id='line_1_40' title="bbox 148 3567 1223 3673; baseline -0.006 -24"><span class='ocrx_word' id='word_1_332' title='bbox 148 3597 258 3673; x_wconf 82' lang='lat' dir='ltr'><strong>portes</strong></span> <span class='ocrx_word' id='word_1_333' title='bbox 280 3583 421 3648; x_wconf 80' lang='lat' dir='ltr'><strong>divisum</strong></span> <span class='ocrx_word' id='word_1_334' title='bbox 440 3581 557 3662; x_wconf 73' lang='lat' dir='ltr'><strong>scrisse,</strong></span> <span class='ocrx_word' id='word_1_335' title='bbox 598 3583 797 3670; x_wconf 82' lang='lat' dir='ltr'><strong>popularem</strong></span> <span class='ocrx_word' id='word_1_336' title='bbox 826 3567 987 3646; x_wconf 83' lang='lat' dir='ltr'><strong>bimirum</strong></span> <span class='ocrx_word' id='word_1_337' title='bbox 1016 3593 1048 3648; x_wconf 87' lang='lat' dir='ltr'><strong>et</strong></span> <span class='ocrx_word' id='word_1_338' title='bbox 1076 3577 1223 3670; x_wconf 81' lang='lat' dir='ltr'><strong>oligetohi·</strong></span> 
     </span>
     <span class='ocr_line' id='line_1_41' title="bbox 149 3661 1223 3754; baseline -0.005 -20"><span class='ocrx_word' id='word_1_339' title='bbox 149 3692 241 3746; x_wconf 82' lang='lat' dir='ltr'><strong>ce1u3</strong></span> <span class='ocrx_word' id='word_1_340' title='bbox 285 3667 425 3732; x_wconf 85' lang='lat' dir='ltr'><strong>tenende</strong></span> <span class='ocrx_word' id='word_1_341' title='bbox 452 3677 529 3731; x_wconf 91' lang='lat' dir='ltr'><strong>sunt</strong></span> <span class='ocrx_word' id='word_1_342' title='bbox 557 3679 723 3754; x_wconf 85' lang='lat' dir='ltr'><strong>praetereo</strong></span> <span class='ocrx_word' id='word_1_343' title='bbox 753 3689 804 3746; x_wconf 85' lang='lat' dir='ltr'><strong>es,</strong></span> <span class='ocrx_word' id='word_1_344' title='bbox 848 3688 931 3754; x_wconf 82' lang='lat' dir='ltr'><strong>quse</strong></span> <span class='ocrx_word' id='word_1_345' title='bbox 959 3688 987 3731; x_wconf 90' lang='lat' dir='ltr'><strong>o.</strong></span> <span class='ocrx_word' id='word_1_346' title='bbox 1019 3673 1059 3733; x_wconf 83' lang='lat'><strong>90</strong></span> <span class='ocrx_word' id='word_1_347' title='bbox 1081 3661 1223 3734; x_wconf 75' lang='lat' dir='ltr'><strong>stende</strong></span> 
     </span>
     <span class='ocr_line' id='line_1_42' title="bbox 148 3749 1223 3821; baseline -0.012 -1"><span class='ocrx_word' id='word_1_348' title='bbox 148 3773 247 3821; x_wconf 86' lang='lat' dir='ltr'><strong>muro</strong></span> <span class='ocrx_word' id='word_1_349' title='bbox 268 3751 304 3815; x_wconf 87' lang='lat' dir='ltr'><strong>in</strong></span> <span class='ocrx_word' id='word_1_350' title='bbox 319 3751 476 3816; x_wconf 76' lang='lat' dir='ltr'><strong>Eetioneu</strong></span> <span class='ocrx_word' id='word_1_351' title='bbox 498 3763 664 3816; x_wconf 85' lang='lat' dir='ltr'><strong>exstructo</strong></span> <span class='ocrx_word' id='word_1_352' title='bbox 690 3762 723 3816; x_wconf 90' lang='lat' dir='ltr'><strong>ot</strong></span> <span class='ocrx_word' id='word_1_353' title='bbox 744 3751 785 3816; x_wconf 88' lang='lat' dir='ltr'><strong>de</strong></span> <span class='ocrx_word' id='word_1_354' title='bbox 797 3751 1133 3816; x_wconf 80' lang='lat' dir='ltr'><strong>Lboedsemoniornm</strong></span> <span class='ocrx_word' id='word_1_355' title='bbox 1150 3749 1223 3812; x_wconf 78' lang='lat' dir='ltr'><strong>classe</strong></span> 
     </span>
     <span class='ocr_line' id='line_1_43' title="bbox 150 3833 1222 3925; baseline -0.007 -25"><span class='ocrx_word' id='word_1_356' title='bbox 150 3835 440 3925; x_wconf 72' lang='lat' dir='ltr'><strong>appropinquante</strong></span> <span class='ocrx_word' id='word_1_357' title='bbox 467 3847 595 3900; x_wconf 80' lang='lat' dir='ltr'><strong>narrate</strong></span> <span class='ocrx_word' id='word_1_358' title='bbox 626 3847 712 3900; x_wconf 90' lang='lat' dir='ltr'><strong>sunt.</strong></span> <span class='ocrx_word' id='word_1_359' title='bbox 765 3837 838 3900; x_wconf 76' lang='lat' dir='ltr'><strong>iarn</strong></span> <span class='ocrx_word' id='word_1_360' title='bbox 859 3857 964 3923; x_wconf 88' lang='lat' dir='ltr'><strong>quum</strong></span> <span class='ocrx_word' id='word_1_361' title='bbox 993 3833 1070 3900; x_wconf 79' lang='lat' dir='ltr'><strong>haee</strong></span> <span class='ocrx_word' id='word_1_362' title='bbox 1091 3833 1222 3899; x_wconf 59' lang='lat' dir='ltr'><strong>[secde</strong></span> 
     </span>
     <span class='ocr_line' id='line_1_44' title="bbox 148 3917 1219 4006; baseline -0.006 -18"><span class='ocrx_word' id='word_1_363' title='bbox 148 3922 345 3988; x_wconf 89' lang='lat' dir='ltr'><strong>moniornm</strong></span> <span class='ocrx_word' id='word_1_364' title='bbox 377 3917 486 3983; x_wconf 79' lang='lat' dir='ltr'><strong>classis</strong></span> <span class='ocrx_word' id='word_1_365' title='bbox 513 3920 554 3984; x_wconf 84' lang='lat' dir='ltr'><strong>nd</strong></span> <span class='ocrx_word' id='word_1_366' title='bbox 583 3931 721 4006; x_wconf 82' lang='lat' dir='ltr'><strong>portum</strong></span> <span class='ocrx_word' id='word_1_367' title='bbox 750 3919 863 4005; x_wconf 88' lang='lat' dir='ltr'><strong>ipsum</strong></span> <span class='ocrx_word' id='word_1_368' title='bbox 891 3917 1009 3983; x_wconf 86' lang='lat' dir='ltr'><strong>edvehi</strong></span> <span class='ocrx_word' id='word_1_369' title='bbox 1033 3921 1219 3982; x_wconf 77' lang='lat' dir='ltr'><strong>nunciaretur.</strong></span> 
     </span>
     <span class='ocr_line' id='line_1_45' title="bbox 147 3995 1219 4093; baseline -0.007 -25"><span class='ocrx_word' id='word_1_370' title='bbox 147 4027 226 4093; x_wconf 84' lang='lat' dir='ltr'><strong>pers</strong></span> <span class='ocrx_word' id='word_1_371' title='bbox 261 4001 509 4067; x_wconf 85' lang='lat' dir='ltr'><strong>Atheniensium</strong></span> <span class='ocrx_word' id='word_1_372' title='bbox 534 3995 588 4092; x_wconf 73' lang='lat' dir='ltr'><strong>&#39;po</strong></span> <span class='ocrx_word' id='word_1_373' title='bbox 615 4003 712 4068; x_wconf 84' lang='lat' dir='ltr'><strong>nlsris</strong></span> <span class='ocrx_word' id='word_1_374' title='bbox 745 4005 925 4068; x_wconf 80' lang='lat' dir='ltr'><strong>necessario</strong></span> <span class='ocrx_word' id='word_1_375' title='bbox 951 4005 1067 4068; x_wconf 84' lang='lat' dir='ltr'><strong>timere</strong></span> <span class='ocrx_word' id='word_1_376' title='bbox 1104 3999 1219 4070; x_wconf 68' lang='lat' dir='ltr'><strong>debebat,</strong></span> 
     </span>
     <span class='ocr_line' id='line_1_46' title="bbox 149 4027 1219 4174; baseline -0.003 -22"><span class='ocrx_word' id='word_1_377' title='bbox 149 4109 193 4152; x_wconf 87' lang='lat' dir='ltr'><strong>ne</strong></span> <span class='ocrx_word' id='word_1_378' title='bbox 221 4084 469 4150; x_wconf 82' lang='lat' dir='ltr'><strong>Lacedaemonii</strong></span> <span class='ocrx_word' id='word_1_379' title='bbox 484 4087 539 4150; x_wconf 83' lang='lat' dir='ltr'><strong>&#39;nb</strong></span> <span class='ocrx_word' id='word_1_380' title='bbox 568 4027 771 4174; x_wconf 85' lang='lat' dir='ltr'><strong>ollgnrchicis</strong></span> <span class='ocrx_word' id='word_1_381' title='bbox 784 4087 833 4150; x_wconf 81' lang='lat' dir='ltr'><strong>&#39;in</strong></span> <span class='ocrx_word' id='word_1_382' title='bbox 868 4087 987 4152; x_wconf 88' lang='lat' dir='ltr'><strong>urbem</strong></span> <span class='ocrx_word' id='word_1_383' title='bbox 1018 4087 1084 4152; x_wconf 83' lang='lat' dir='ltr'><strong>resi</strong></span> <span class='ocrx_word' id='word_1_384' title='bbox 1108 4095 1219 4152; x_wconf 71' lang='lat' dir='ltr'><strong>euentu,</strong></span> 
     </span>
    </p>
   </div>
   <div class='ocr_carea' id='block_1_3' title="bbox 151 4165 1219 4260">
    <p class='ocr_par' dir='ltr' id='par_1_19' title="bbox 151 4165 1219 4260">
     <span class='ocr_line' id='line_1_47' title="bbox 151 4165 1219 4260; baseline 0.001 -28"><span class='ocrx_word' id='word_1_385' title='bbox 151 4167 216 4260; x_wconf 82' lang='lat' dir='ltr'><strong>ipsi</strong></span> <span class='ocrx_word' id='word_1_386' title='bbox 236 4189 316 4234; x_wconf 81' lang='lat' dir='ltr'><strong>vero</strong></span> <span class='ocrx_word' id='word_1_387' title='bbox 337 4165 377 4231; x_wconf 84' lang='lat' dir='ltr'><strong>nb</strong></span> <span class='ocrx_word' id='word_1_388' title='bbox 400 4167 549 4256; x_wconf 89' lang='lat' dir='ltr'><strong>utrisque</strong></span> <span class='ocrx_word' id='word_1_389' title='bbox 568 4169 752 4259; x_wconf 80' lang='lat' dir='ltr'><strong>conjunctis</strong></span> <span class='ocrx_word' id='word_1_390' title='bbox 774 4169 1052 4260; x_wconf 86' lang='lat' dir='ltr'><strong>opprimerentur.</strong></span> <span class='ocrx_word' id='word_1_391' title='bbox 1123 4169 1219 4236; x_wconf 76' lang='lat' dir='ltr'><strong>ubine</strong></span> 
     </span>
    </p>
   </div>
   <div class='ocr_carea' id='block_1_4' title="bbox 0 0 1256 4630">
    <p class='ocr_par' dir='ltr' id='par_1_20' title="bbox 0 0 1256 4630">
     <span class='ocr_line' id='line_1_48' title="bbox 0 0 1256 4630; baseline 0 2"><span class='ocrx_word' id='word_1_392' title='bbox 0 0 1256 4630; x_wconf 95' lang='lat' dir='ltr'><strong> </strong></span> 
     </span>
    </p>
   </div>
  </div>
 </body>
</html>
