2502 4630
435 349 440 383 1
900 351 904 361 ι
947 321 956 336 .
1010 273 1091 338 ³⁷21
1140 295 1142 306 ’

7 449 83 516 diter
102 449 186 514 lenis
208 459 305 537 etque
323 447 413 514 utilis
434 445 561 512 medela
580 445 700 528 forem}
731 468 768 514 ea
786 447 870 520 lacit
893 461 930 518 ut
951 451 1094 522 violenta
1198 475 1204 522 t
1242 419 1243 500 i

7 537 32 600 it
53 545 83 599 el
105 535 216 600 noxit).-
474 597 476 605 ,
894 575 900 598 a
1040 593 1045 600 .
1242 537 1243 596 i

70 619 177 684 Venio
207 639 296 683 nunc
325 615 366 682 ad
386 627 541 704 quartum
569 636 671 706 genus
692 615 811 684 mutati
830 616 1011 704 verborum
1031 611 1095 689 'or-

7 701 88 772 linis.
126 701 217 790 quod
238 700 344 768 estin
366 721 477 766 errore
498 701 658 788 pesitum.
701 703 821 768 Differt
843 703 898 768 ille
919 711 1029 774 autern
1050 705 1091 772 ab

7 787 188 875 negligentia.
243 786 329 850 Nam
353 785 413 850 etsi
435 785 548 850 evitari
571 805 665 850 error
684 781 848 876 diligentia
894 795 994 870 otest,
1037 798 1091 856 ta-

7 895 62 936 nen
84 876 281 938 errare'non
300 877 349 934 est
378 865 598 957 negligentem
620 891 706 950 esse,
732 872 805 938 ‘sed
828 807 914 937 cadit
937 875 1034 939 etiam
1056 873 1092 940 in
1202 903 1206 912 ·

7 953 283 1042 liligentissimum.
336 953 423 1018 Num
452 953 648 1042 negligentia
680 975 875 1043 permanens
909 965 972 1040 est,
988 957 1091 1024 iustae

7 1041 28 1103 d
48 1061 131 1127 opus
154 1035 344 1104 attentionis
375 1035 531 1111 omissio,
572 1057 666 1102 error
700 1051 810 1104 autem
830 1039 1091 1108 fortuita'iuter·

7 1123 120 1189 >edatio
150 1119 352 1210 diligentiae,
397 1139 502 1209 quum
527 1117 696 1202 librarius,
739 1124 949 1208 quantumvis
976 1125 1090 1193 sedulo

7 1231 54 1272 em
81 1229 176 1273 suam
202 1231 220 1272 a
244 1227 318 1285 cns,
344 1225 542 1293 parinnper
571 1205 634 1270 alio
664 1215 812 1272 mentem
842 1209 967 1274 avertit.
1016 1211 1090 1275 Hoo

7 1315 63 1355 iero
87 1301 137 1356 est
157 1231 241 1356 illud
260 1309 379 1378 genus,
421 1289 455 1354 in
478 1312 544 1376 quo
564 1287 709 1376 graviter
728 1291 977 1379 vituperandam
1000 1291 1090 1360 urbi·-

7 1397 57 1440 ror
76 1377 151 1440 ineo
176 1377 324 1440 itantiam
347 1373 499 1453 illerum,
535 1375 591 1471 qui
613 1383 704 1438 trans
729 1375 905 1441 'ositionem
927 1376 1091 1464 eptimam

9 1399 178 1524 mentiendi
199 1461 363 1525 rationem
386 1479 454 1522 esse
482 1457 640 1528 dictitant.
696 1397 764 1539 bui
790 1458 874 1523 mihi
907 1457 953 1524 sic
975 1459 1090 1526 viden·
1141 1471 1146 1484 '

7 1563 39 1606 ur
56 1544 261 1622 existimare,
304 1560 469 1620 errorem,
488 1539 491 1550 ’
512 1540 588 1628 quia¹
607 1540 805 1607 discessione
824 1541 863 1608 ab
885 1539 956 1631 lege
977 1543 1088 1610 couti-

7 1639 114 1710 teatur,
162 1637 335 1715 expertem
357 1649 427 1691 esse
448 1625 548 1713 legis,
585 1626 847 1712 necquidquam
870 1649 955 1704 esse,
999 1627 1089 1715 'quod

7 1733 51 1776 ron
71 1711 179 1799 possit
200 1733 262 1800 per
284 1731 431 1776 errorem
452 1708 532 1780 fieri
575 1709 618 1774 At
640 1731 718 1776 vero
743 1707 973 1798 utaliquando
997 1709 1087 1777 osci·
1127 1761 1129 1764 -

7 1798 63 1862 anti
82 1795 182 1862 alicui
201 1807 256 1860 urat
273 1791 454 1859 somnianti
473 1791 614 1872 accidat,
656 1801 694 1856 ut
715 1793 749 1857 in
771 1793 944 1860 scribendo
966 1793 1089 1884 aliquid

7 1881 171 1946 neredibile
200 1879 366 1957 admittat,
408 1889 521 1942 tamen
554 1878 751 1965 plerumque
782 1901 829 1942 ae*
860 1883 1001 1944 tantum'
1018 1901 1088 1945 nen

9 1986 126 2052 emper,
172 1961 456 2051 quemadmodum
492 1963 526 2026 in
564 1961 765 2028 litterarum
783 1959 1088 2051 vocabulorumque

7 2047 296 2126 immutationibus,
326 2045 372 2109 sic
396 2047 494 2110 etiam
514 2045 550 2110 in
572 2045 686 2110 ordine
707 2043 886 2112 uerborum
908 2049 987 2114 ce'rti
1008 2045 1083 2136 qui·

7 2131 57 2196 lnn
78 2132 175 2198 modi
195 2141 272 2196 sunt
294 2130 439 2210 errandi,
483 2139 519 2192 ut
545 2128 597 2194 bis
619 2128 741 2196 modis¹
761 2139 905 2196 erratum
927 2153 996 2196 esse
1018 2129 1090 2202 veri

8 2215 86 2281 imile
115 2216 183 2294 sit„
220 2214 289 2280 eliis
318 2223 426 2278 autem
452 2211 488 2277 in
513 2212 622 2278 modis
652 2235 694 2278 ne
715 2212 997 2302 umbraquidem
1016 2215 1088 2280 veri

9 2299 207 2364 imilitudinis
238 2299 431 2385 reperiatur.
490 2295 597 2394 Atque
624 2294 689 2362 hoe
723 2317 857 2394 quoque
890 2313 1009 2385 quum!
1024 2319 1085 2365 suo

7 2383 117 2472 quisque
141 2383 299 2470 exemplo
322 2383 589 2468 ‹liscene'poss1t,
611 2391 685 2446 tum
707 2403 724 2450 e
745 2391 924 2469 scripturae
945 2381 1085 2448 diversi·
1138 2423 1142 2440 ι
1170 2401 1174 2410 ’

7 2479 61 2547 ate,
84 2489 187 2556 quam
209 2489 253 2532 ex
274 2465 441 2532 codicibus
461 2463 631 2532 collectam
651 2462 830 2546 habemus,
862 2466 1085 2564 cognoscitur.
1242 2527 1243 2550 χ

7 2551 65 2616 iam
86 2555 143 2642 qui
165 2550 288 2638 aliquid
309 2551 350 2616 de
372 2549 528 2636 exemplo
552 2548 764 2620 deseribunt,'
786 2569 892 2638 quum
910 2549 1012 2618 rdsic
1027 2549 1084 2620 sa·
1163 2582 1166 2592 ⁴

9 2635 70 2698 iunt
90 2647 127 2702 ut
150 2635 190 2701 iis
212 2656 284 2701 non
308 2635 416 2722 possit
439 2632 553 2698 levites
586 2643 642 2698 aut
662 2635 859 2721 negligentia
879 2633 1085 2722 exprobrari,

7 2721 34 2782 is
58 2731 169 2786 tamen
198 2719 290 2808 quod
317 2719 358 2784 nd
389 2718 542 2784 ordinem
566 2715 745 2792 verborum
777 2718 891 2782 attinet
919 2718 1085 2784 erroribus
1145 2719 1150 2724 '

7 2801 119 2870 rbnexii
140 2815 233 2884 sunt,
271 2811 309 2868 ut
328 2824 416 2866 nunc
437 2800 560 2890 aliquid
581 2799 750 2882 omittant,
792 2821 881 2866 nunc
902 2801 1008 2868 vicino
1027 2800 1084 2865 in-

7 2898 115 2954 erunt.
169 2891 278 2976 Atque
308 2885 429 2952 omissa
456 2885 590 2972 quidem
619 2904 724 2972 quum
742 2891 860 2971 postea
881 2883 915 2948 in
937 2883 1085 2972 margine

7 2971 193 3058 diminutus,
235 2970 328 3038 facile
350 2971 465 3036 eccidit
486 2979 538 3047 ut,
580 2989 683 3057 quum
705 2969 826 3034 iterum
846 2969 1103 3054 describuntur„

7 3067 163 3122 nserantur
185 3055 404 3122 alienoioco:
441 3053 532 3141 quod
554 3073 655 3143 genus
678 3052 849 3142 attigimus
867 3065 998 3140 supra,·
1026 3051 1086 3118 ubi

7 3139 27 3202 le
48 3139 210 3206 librorum
236 3139 323 3206 vitiis
351 3135 550 3204 dicebamus.
598 3133 832 3202 Pertinet‘hue
864 3139 959 3202 etiam
991 3130 1083 3218 illud,

7 3245 83 3308 puun
103 3225 272 3297 librarius,
313 3245 515 3310 properans,
557 3217 591 3284 id
615 3221 706 3308 quod
733 3218 888 3302 omiserat
917 3219 1006 3286 addit
1026 3241 1082 3304 se-

7 3310 170 3404 pentibus:
192 3319 229 3374 ut
249 3307 438 3374 factumest
460 3307 491 3371 in
513 3303 622 3372 serbis
644 3303 797 3393 Dionysii
819 3305 1082 3370 Halicarnassen-

6 3414 41 3468 u,
63 3417 143 3480 quae
167 3394 293 3482 egregie
312 3391 454 3464 restituit
477 3387 666 3460 Sebaei'crus
687 3391 723 3456 in
744 3389 854 3480 ludim
875 3389 916 3456 ad
938 3387 1084 3470 novissi-

7 3497 71 3540 nam
100 3479 277 3544 editionem
312 3475 463 3540 Hecubae
500 3474 719 3540 Personiauae
773 3529 780 3543 .
806 3481 874 3544 131.
907 3495 974 3562 quo
1007 3469 1081 3538 loco
1180 3518 1185 3526 -

7 3563 242 3648 ranspositionis
265 3557 490 3626 defensionem
511 3557 664 3646 suscepit.
719 3495 792 3623 Allo
815 3555 920 3624 modo
943 3577 1084 3644 eaquae

7 3641 33 3706 is
58 3645 174 3734 scripto
206 3657 284 3711 sunt
310 3645 506 3710 connubere
536 3645 687 3709 ordinem
714 3641 895 3709 verborum
932 3651 1082 3730 possunt,

7 3725 30 3803 i,
59 3733 117 3816 qui
133 3731 255 3796 librtun
274 3723 447 3807 describit,
476 3749 650 3818 perperam
672 3729 712 3792 de
732 3727 882 3815 positura
900 3723 1082 3792 verborum

7 3811 137 3896 udicans,
166 3816 299 3881 omittit
320 3813 495 3891 servanda,
534 3823 643 3878 servat
663 3811 856 3878 omittenda.
916 3811 982 3876 Sed
1002 3809 1082 3880 haer

8 3895 101 3962 ariera
122 3911 216 3977 sunt3
238 3899 292 3964 illa
312 3897 596 3984 frequentissima,
626 3907 663 3960 ut
683 3905 933 3962 commutentur
953 3892 1082 3960 similia.

7 3976 149 4062 Ejusmodi
177 3995 240 4060 cst,
284 3981 376 4071 quod
407 3979 596 4060 Schaelerus
627 3971 746 4046 eodein
772 3980 848 4046 loco
879 3999 922 4044 ex
953 3976 1083 4068 Stobaei

7 4059 84 4129 term.
105 4072 156 4135 26.
177 4067 288 4154 allert,
338 4067 395 4132 ubi
415 4081 519 4156 quum
538 4065 654 4132 inisset
675 4066 732 4154 qui
754 4065 849 4156 quod
867 4063 967 4151 vulgo
988 4059 1081 4148 lege·

7 4155 81 4228 etur,
212 4169 215 4174 ·
261 4205 267 4236 Ι

19 4349 412 4424 (muneremunere.)
779 4323 832 4402 lb
936 4361 940 4370 ·
1027 4365 1035 4374 ·
