2660 4628
71 423 116 494 cti
136 430 229 508 esse,
254 443 299 490 ne
311 421 480 514 ‘opificum
500 432 580 489 occu
604 433 661 490 ent
679 392 821 490 locuml
836 401 850 436 ⁹
860 405 1035 510 Postremo
1056 424 1168 523 'quum

69 517 200 584 ceruam
228 527 302 584 esse
327 507 491 588 videatur,
518 516 558 570 ut
611 507 699 570 raeci
719 513 911 570 cunctarum
930 505 1054 570 artium
1070 507 1169 576 mitia

68 589 111 656 ad
130 589 329 662 Homerum
348 599 518 654 auctorem
538 589 740 669 retulenmt,
769 585 818 655 ita
837 597 969 670 omnes,
998 609 1089 676 quae
1101 595 1168 652 no'h

67 671 146 738 stris
164 669 379 760 temporibus
398 673 644 752 exsultassent,
667 679 752 736 artes
772 669 808 734 in
828 669 1020 756 antiquitate
1038 667 1166 736 radices
1274 715 1278 726 .
1315 627 1316 642 ¹

66 753 213 834 habere3
233 763 326 842 patet
338 753 494 820 omnihus
510 752 614 818 doctis
628 772 841 818 communem
854 775 927 816 esse
939 751 1168 846 philologiam,

66 857 136 902 non
161 835 227 917 iis,
254 835 533 924 qui‘philologia
558 837 740 923 pellantur,
768 833 959 923 propriam,
986 855 1048 899 nec
1068 851 1169 924 posse

67 919 192 1006 absque
216 927 408 1012 ceterarum
427 857 677 1066 disqq‘plinaruin
700 916 902 983 adminiculo
923 915 1065 1004 absolvi.
1149 932 1167 958 ·¹

146 998 440 1066 Perfecusemslti
458 1000 492 1066 ν’
518 1021 593 1082 eor,
619 1000 710 1085 quod
730 999 901 1080 volebam,
926 999 1110 1078 auditores,
1123 1004 1171 1062 nt

66 1081 304 1163 ostenderem,
335 1082 428 1154 nolle
444 1103 510 1166 ‚me
538 1082 645 1148 studia
670 1104 763 1164 mea,
786 1091 921 1178 praeter
947 1081 1167 1176 quoddeeu,
1285 1127 1288 1132 ,

64 1163 181 1230 verbis
201 1183 387 1245 exornare,
407 1164 465 1229 sed
484 1185 697 1244 communem
716 1183 781 1228 me
792 1183 943 1231 ommum
957 1163 1169 1228 eruditorum

64 1271 138 1313 rem
160 1267 284 1334 agere,
307 1256 346 1308 ut
362 1265 426 1334 par
445 1257 495 1311 est
514 1247 550 1312 in
569 1256 657 1312 tanta
680 1269 696 1310 a
747 1248 769 1312 d
790 1267 852 1310 nos
876 1245 1046 1310 variannn
1065 1243 1175 1310 discis

63 1331 244 1424 plinus-um
264 1327 465 1423 concordia,
484 1351 624 1416 quarum
642 1331 700 1395 md
715 1351 769 1398 am
787 1327 904 1393 ceteris
921 1337 978 1391 aut
997 1327 1169 1416 potiorem
1203 1379 1205 1386 ,
1269 1342 1273 1350 ·

65 1423 120 1476 aut
140 1409 320 1475 utiliorem
336 1431 408 1474 esse
423 1421 522 1478 ettam
536 1411 601 1476 viri
613 1401 664 1477 illi
681 1409 1059 1500 amplissimiiudicant,
1104 1429 1167 1474 uos
1233 1457 1241 1472 .

66 1495 168 1560 Pater
186 1491 325 1556 Patriae
348 1513 484 1558 summo
509 1501 625 1560 nostro
644 1493 821 1560 commodo
841 1491 939 1558 nobis
955 1495 1102 1590 praepos
1116 1501 1174 1568 toa
1197 1565 1202 1574 ,

67 1571 289 1652 esse-volnit3
320 1573 423 1668 spnul
445 1575 481 1640 id
502 1597 546 1640 ex
571 1597 645 1646 mea
664 1575 888 1664 disputatione
907 1592 1030 1662 opinor
1054 1571 1167 1660 colligi

66 1677 186 1748 posse,
227 1675 299 1719 non
329 1655 502 1741 mdignsrn
531 1677 601 1724 esse
627 1658 827 1746 mtiquitatis
849 1657 1053 1736 docuinam,
1083 1675 1169 1742 quae

67 1741 255 1806 multorum
279 1736 456 1804 doctorum
479 1739 595 1804 studiis
614 1741 756 1822 solatius
784 1739 844 1806 etsi
861 1761 907 1824 ne
927 1740 1009 1804 haec
1033 1737 1169 1836 quidem
1215 1786 1218 1800 .

70 1818 217 1914 perlecta
238 1829 298 1900 est,
319 1817 432 1905 siquis
455 1829 589 1886 nostrae
608 1823 718 1886 aetatis
731 1820 856 1886 artibus
869 1831 1066 1908 contemptis
1081 1815 1168 1884 nlhil

70 1903 135 1967 nisi
162 1900 302 1986 antiqua
327 1902 530 1995 cognouerit.
586 1902 652 1968 Sed
676 1911 779 1990 quum
804 1902 847 1966 de
871 1901 946 1988 ipss
966 1897 1170 1987 antiquitatis
1271 1959 1278 1976 ,

75 1982 210 2048 selemia
230 1983 402 2069 hucusque
421 1983 846 2066 drxerim·,'trmseom1no
866 1982 983 2062 adid,
1012 1980 1102 2068 quod
1123 1980 1167 2044 ed

74 2063 241 2154 publicam
270 2063 483 2152 potissimum
508 2065 683 2131 utilitatem
708 2061 896 2130 reseratur·
942 2066 1033 2134 Nau
1061 2079 1172 2154 quum'

74 2145 217 2232 antiquis
238 2144 378 2225 litteris,
398 2157 643 2236 propagateex
683 2147 897 2220 tiore'aetate
919 2145 1169 2222 consuetudine,

13 2247 15 2262 ¹
73 2227 274 2320 praecipuus
293 2227 329 2292 in
345 2229 536 2294 scholarum
557 2170 730 2326 disciplina
748 2231 841 2294 locus
858 2229 951 2296 datus
964 2227 1170 2318 reperiatnr3

72 2319 261 2396 qtuesmun
286 2321 353 2388 est,
384 2320 516 2376 rectene
540 2309 606 2376 hoc
630 2312 815 2377 mstiurtum
842 2310 952 2376 adhuc
970 2309 1173 2376 retineretur

71 2413 192 2458 necne:
263 2390 339 2478 ippe
352 2391 559 2456 intellectum
573 2403 653 2474 erat,
672 2393 761 2481 quo'd
776 2411 879 2482 supra
896 2390 1050 2481 exposui,
1069 2389 1170 2478 etiam

72 2485 197 2540 ostem
244 2472 411 2564 isciplinas
431 2473 645 2540 humanitatis
669 2497 745 2566 spsr
767 2487 823 2538 ere
845 2474 981 2540 sentina.
1035 2471 1108 2542 ,Sed'
1126 2491 1177 2535 ne

74 2557 115 2622 ad
134 2565 348 2642 arguments,
375 2555 493 2642 quibus
514 2555 669 2644 utrinque
686 2579 743 2622 cer
778 2565 849 2622 tum
871 2565 936 2638 est,
960 2553 1170 2632 descendam,

74 2659 159 2704 neve
180 2657 368 2725 exponam,
389 2637 569 2726 quomodo,
589 2638 645 2726 qui
661 2639 805 2726 aliquam
824 2638 975 2728 linguam
997 2634 1171 2725 impasti*

75 2722 119 2786 tia
139 2729 237 2784 recte
253 2719 421 2802 addiscit,
436 2732 508 2785 'non
522 2721 636 2790 solum
650 2720 752 2786 animi
772 2719 861 2786 vires
885 2719 1047 2804 acerrime
1069 2723 1175 2781 exere
1218 2733 1224 2745 ³

76 2801 219 2948 cuthred
239 2802 340 2866 etlam
358 2803 557 2868 immensam
571 2801 744 2868 notionum
761 2802 898 2892 copiam'
914 2800 1009 2890 quasi
1028 2799 1185 2864 insciens.
1249 2809 1254 2820 '

77 2886 125 2950 im
147 2883 228 2948 ibit:
252 2904 337 2971 qnae
356 2882 424 2965 anti
474 2883 480 2896 ”
517 2883 635 2948 litteris
655 2884 691 2948 in
703 2883 873 2948 educanda
887 2884 1058 2948 iuventute
1093 2901 1172 2944 rae·

18 3017 23 3028 .
78 2967 228 3052 rogativa
246 2903 508 3045 tribuilurfflc
525 2964 691 3053 imprimis
709 2963 924 3030 fundamento
946 2963 1008 3028 niti
1027 2901 1171 3040 siletur,
1236 3025 1240 3037 ,

84 3047 181 3134 quod,
201 3046 363 3134 quidquid
379 3067 493 3112 reeens
516 3057 603 3111 aetas
617 3044 755 3137 protulit
775 3046 901 3127 eximii,
920 3068 988 3112 non
1002 3045 1189 3125 desierunt(
1271 3049 1275 3078 ¹

81 3139 207 3195 veteres
218 3128 435 3220 potissimum
444 3127 622 3218 scriptores
637 3129 763 3194 classici
776 3149 862 3212 esse,
883 3129 1055 3222 tenerique
1068 3123 1174 3193 utini
1241 3121 1249 3146 ’

77 3213 129 3290 iis,
151 3233 238 3298 quae
257 3211 390 3300 optima
402 3219 489 3287 sunt,
505 3209 638 3280 ,debent
655 3210 770 3292 imbui,
788 3222 827 3275 ut
845 3209 1079 3301 'prdcherrsmis
1097 3207 1174 3274 'fore

78 3296 144 3362 mis
164 3293 369 3384 repleantur.
416 3291 527 3359 Video
551 3292 702 3380 quidem,
730 3293 788 3380 qui
809 3291 942 3361 classici
959 3291 1043 3374 sint,
1073 3287 1180 3356 dubi„

80 3375 145 3440 tari
171 3397 288 3466 posse·
325 3373 386 3439 sed
408 3383 446 3438 ut
471 3376 607 3464 longam
634 3374 898 3464 disquisitionem
924 3373 1020 3438 brevi
1040 3369 1177 3462 praeci-³

80 3459 175 3539 dam,
202 3458 239 3522 id
260 3422 339 3523 (lico
360 3453 550 3538 classicum,
580 3455 671 3544 qdod
691 3475 757 3544 quo
778 3457 882 3542 magis
905 3455 1110 3536 consideres,
1133 3465 1174 3517 eo

81 3540 185 3626 magis
205 3540 326 3630 placet,
347 3559 417 3603 non
436 3538 624 3619 classictun,
646 3541 736 3628 quod
750 3537 878 3605 etiamsi
892 3536 986 3603 initio
997 3535 1176 3626 placuerit,
1228 3574 1233 3590 ·

81 3623 212 3688 assidua
240 3619 521 3710 contemplatione
549 3621 705 3686 evilescit.
764 3623 837 3688 Nec
866 3618 907 3686 de
927 3621 1023 3684 unius
1044 3627 1174 3682 tanum

84 3703 232 3770 hominis
249 3703 306 3770 vel
324 3721 508 3796 paucorum
524 3701 650 3770 iudicio
670 3701 916 3796 loquoriquod
931 3700 1104 3794 classicum
1117 3707 1175 3780 est,

83 3785 334 3852 succedentium
360 3795 504 3852 sentum
532 3805 693 3850 consensu
717 3793 834 3850 crescit
854 3806 1042 3864 senescens,
1076 3803 1106 3845 sl
1123 3789 1175 3844 ta-
1199 3839 1213 3854 ,
1257 3789 1263 3806 '

79 3888 169 3962 men
190 3869 280 3956 quod
299 3889 435 3958 semper
452 3865 542 3963 viget
559 3867 715 3947 senescit3
753 3875 936 3931 ceterarum
956 3887 1072 3930 rerum
1095 3885 1173 3952 gra-
1254 3889 1261 3903 ,
1315 3889 1316 3900 ¹

83 3961 165 4016 tram
185 3971 229 4016 ex
249 3947 398 4015 noviute
413 3957 582 4014 meumur.
625 3949 775 4036 Tempus
797 3947 918 4038 probat
937 3947 1066 4025 omnia3
1087 3954 1176 4008 tem-

70 4031 403 4130 ¹pttr·e·nete'raq·illi
428 4030 607 4124 scriptores
635 4030 767 4120 probati
780 4039 882 4126 ‚⁵¹1¹{l3
907 4040 948 4124 'et
967 4028 1176 4094 saeculorum

84 4115 247 4182 uncum
264 4135 301 4181 m
313 4115 357 4180 'iss
371 4123 578 4205 praesertim,
599 4133 682 4201 quae
694 4112 826 4207 pubhce
839 4121 1066 4191 instituuntur,
1087 4093 1178 4174 haud
1265 4167 1268 4172 .

721 4353 730 4388 1
