2492 4636
1028 249 1085 306 531

15 403 120 462 secutus
141 405 189 458 est
207 382 310 466 Plato,
347 391 436 462 lianc
457 393 559 462 Stoici
608 393 695 460 hauc
717 415 832 459 ornnes
853 393 991 478 veteres,
1025 399 1083 483 qui

16 477 143 544 omuibus
163 473 284 563 ingenii
305 476 434 542 viribus
456 477 490 542 iu
508 443 766 566 pulchritudiuis
780 493 893 541 veram
910 480 1082 546 notionem

14 559 246 647 inquisiverunt3
287 581 392 646 eaque
420 559 548 624 deserta
574 581 636 648 per
660 561 796 646 longum
818 569 949 648 tempus
971 573 1003 625 et
1023 585 1081 628 re·-

13 645 77 713 licta,
101 639 231 704 undem
252 642 435 706 norissima
453 641 515 707 hac
533 653 637 707 aetate
657 639 698 705 ab
720 639 921 727 elegantibus
944 643 1081 730 quibus-

14 725 70 788 dam
87 721 275 786 hominibus
294 724 330 788 in
354 723 592 812 Philosophiae
611 745 734 812 gprum
754 723 887 788 redacta
907 737 1089 790 revocata*
1139 796 1144 805 .

14 827 59 892 quc
81 813 135 868 est.
191 793 345 873 Primum
370 804 473 894 igitur
506 817 616 872 teneat
636 803 867 892 ‚Philosophus
901 805 983 870 haec
1014 807 1080 874 tria

14 907 103 974 genera
120 886 202 966 reri,
223 886 314 969 boni,
334 899 367 950 et
384 887 528 976 pulchri,
551 900 594 961 ut,
613 910 656 954 cx
677 886 832 952 omnihus
844 882 954 968 rebus,
975 911 1079 974 quae·-

13 991 68 1034 uam
88 965 126 1034 ad
146 989 265 1032 eorum
288 970 621 1066 quodvispertineat,
661 981 779 1034 notum
800 980 1078 1058 perspectumque

12 1051 111 1117 haheat.
156 1050 292 1115 Deinde
310 1051 447 1116 humani
462 1053 584 1149 ingenii
599 1052 686 1116 vires
701 1061 885 1138 eognoscat,
906 1053 1075 1138 quomodo

12 1133 64 1196 aun
81 1131 254 1218 augerique
270 1135 409 1222 possint,
440 1157 581 1229 uernam
601 1135 709 1198 omnis
731 1133 927 1227 cognitionis
951 1134 1017 1198 sint
1044 1145 1077 1200 et
1159 1185 1164 1192 .
1208 1147 1211 1156 '

12 1215 90 1280 sorites
108 1226 139 1278 et
156 1213 290 1288 limites,
327 1239 391 1302 qua
413 1237 469 1280 rua
488 1215 529 1282 ad
552 1217 792 1288 certitudinem,
832 1235 903 1280 scre
932 1217 975 1281 ad
1002 1239 1077 1282 eam

13 1297 62 1360 cius
79 1305 206 1376 metam,
233 1299 320 1362 ultra
341 1320 438 1382 quarn
459 1293 741 1386 homoprogredi
762 1298 886 1383 nequit,¹
905 1299 1076 1388 pemeuiri

12 1379 97 1467 possit.
134 1375 290 1466 Deniqhe
304 1381 339 1443 in
358 1381 503 1446 Divinae
517 1383 665 1446 Naturae
685 1403 721 1444 ac
742 1381 933 1445 coelestium
960 1401 1075 1448 rerum

15 1459 243 1525 consideratione
256 1473 414 1534 versetur,
434 1485 519 1550 quae
537 1473 572 1526 ut
592 1461 744 1528 onmium
761 1461 904 1526 maximi
919 1483 1076 1527 momen-

15 1544 37 1620 ti,
63 1544 101 1608 sic
123 1545 276 1608 naturale
319 1545 464 1616 uoddam
491 1544 679 1609 animorum
707 1541 879 1632 pahtdum,
907 1542 953 1608 el
975 1547 1076 1634 plena

12 1623 232 1716 honestissimae
254 1565 434 1714 voluptatis
456 1637 515 1692 est.
557 1627 623 1692 Sed
642 1625 677 1690 in
698 1625 758 1690 ista
795 1626 1075 1715 contemplatione

12 1709 29 1769 si
49 1707 188 1780 subsistat
209 1705 345 1772 Philoso
371 1710 446 1788 hus,
482 1704 545 1772 sibi
573 1709 715 1798 sapiens,
750 1707 823 1772 aliis
849 1732 917 1774 non
942 1710 1073 1798 sapiens
1130 1735 1134 1746 ⁵

12 1789 62 1854 crit.
110 1789 207 1856 Unde
234 1789 302 1855 iam
366 1791 484 1866 haletis
511 1789 715 1878 temporibus
746 1791 811 1855 hoc
837 1789 1073 1880 Philosophiae

12 1873 68 1934 sitio
87 1870 193 1934 datum
214 1869 286 1944 suit,
325 1897 409 1961 quae
436 1873 470 1936 in
502 1875 695 1938 coelestum
713 1895 787 1937 eam
813 1895 958 1955 cemere,
995 1896 1072 1940 cum

10 1953 197 2017 recorrentis
218 1953 325 2020 aciem
353 1955 396 2020 ad
419 1977 469 2020 ces
495 1976 688 2025 communes
709 1953 795 2018 etin
814 1955 927 2020 medio
947 1957 1072 2044 positas

12 2037 155 2115 concertat,
192 2045 267 2100 tum
288 2059 369 2103 vero
393 2037 556 2101 caecutire
579 2047 611 2101 et
635 2036 720 2102 verti
744 2037 798 2100 ine
819 2036 954 2128 corripi.
994 2037 1072 2106 Hoc

9 2119 54 2189 ille,
80 2135 170 2200 quem
190 2139 254 2182 nos
274 2117 319 2182 lin
344 2117 440 2200 huus,
475 2141 544 2184 non
565 2117 671 2185 saciat.
714 2059 802 2186 dum
826 2119 915 2184 enim
942 2121 1072 2208 duplex

11 2201 38 2262 sit
52 2197 275 2288 Philosophiae
295 2223 315 2266 o
352 2201 450 2274 cium
473 2201 614 2274 alterum
635 2201 725 2288 quod
745 2201 780 2266 in
802 2201 1070 2290 contemplando,

10 2283 116 2345 alterum
136 2281 284 2368 quadiu
304 2283 431 2370 agendo
454 2282 611 2364 consistit,
644 2295 743 2371 turpe
766 2281 947 2371 eibicdueet
962 2285 1068 2360 ¹alter-

10 2375 92 2428 utrum
109 2363 278 2428 desertsun
303 2367 510 2452 relinquere3
550 2387 570 2428 a
596 2365 876 2453 contemplatione
901 2365 942 2430 ad
963 2367 1069 2430 actio‹
1099 2393 1103 2401 ’
1128 2381 1135 2388 ·

12 2467 64 2510 suu
76 2445 310 2591 progredietur,
346 2469 388 2512 ex
406 2447 526 2512 umbra
544 2447 580 2512 in
599 2450 705 2514 solem
723 2446 881 2534 prodibit,
901 2463 1068 2536 'operam-
1087 2475 1104 2503 π

10 2549 54 2612 que
74 2527 168 2604 tabit,
205 2539 244 2592 ut
264 2553 324 2594 sua
340 2529 428 2595 bona
447 2547 522 2594 cum
551 2529 624 2596 aliis
653 2529 885 2622 communicet
945 2529 1012 2596 Hic
1032 2553 1068 2594 se

8 2611 35 2672 ul
50 2609 262 2676 oluervandos
288 2611 464 2677 hominum
491 2635 602 2676 mores
623 2613 832 2698 actionesque
858 2611 965 2693 dabit,
1003 2633 1066 2676 ex-

8 2693 177 2776 perientiam,
212 2694 430 2758 certissimam
451 2715 566 2758 rerum
589 2694 791 2781 magistram,
830 2705 863 2756 et
884 2697 954 2758 eius
973 2694 1068 2758 vtes-

8 2774 76 2854 uun,
104 2776 190 2840 vitae
211 2776 333 2856 lucem,
360 2774 543 2856 historiam,
574 2775 609 2840 in
629 2773 793 2840 auxilium
807 2774 1067 2864 ¹vocabit,'cou-

8 2857 161 2922 versionum
182 2857 473 2942 mutationumque
498 2867 666 2922 momenta
693 2873 799 2937 nosse,
837 2855 1066 2942 ingeniorum»

8 2961 49 3022 une
65 2939 334 3004 varios-recessus
356 2939 512 3030 indagare
531 2939 684 3012 studebit,
705 2949 742 3002 u't
762 2937 843 3004 sciat
859 2961 922 3026 qua
936 2938 1066 3004 ratione
1083 2945 1086 2952 '

8 3019 107 3104 [pitueris
125 3044 178 3086 res
199 3021 372 3103 efficiatum
404 3033 436 3086 et
456 3019 631 3086 hominum
649 3019 750 3084 animi
771 3022 814 3086 ad
835 3041 1066 3108 quamcunque

8 3125 54 3166 um
73 3107 235 3183 quomodo
255 3103 354 3186 ilecti,
388 3103 557 3190 quomodo
580 3126 600 3168 a
620 3102 709 3168 vitiis
729 3101 898 3177 deterreri,
931 3103 971 3168 ad
992 3104 1066 3166 vir-

8 3195 79 3248 tutem
98 3207 138 3252 ue
157 3187 289 3276 impelli
319 3184 467 3253 debeant.
518 3187 610 3251 Tum
627 3209 708 3249 vero
728 3185 866 3265 ridebit,
885 3183 1065 3250 subtilissi-

8 3289 53 3328 nas
68 3207 134 3333 idas
167 3271 210 3334 de
240 3267 329 3334 hosio
357 3280 390 3332 et
418 3268 517 3334 malo.
530 3268 826 3332 demonstrationes
847 3268 889 3332 ad
910 3287 1065 3332 commo·-

8 3348 116 3414 undum
136 3351 354 3440 perexiguam
384 3349 507 3415 habere
528 3349 617 3430 vim,
655 3361 704 3430 et,
743 3349 893 3434 quamvis
929 3359 1072 3428 certam,
1126 3419 1131 3430 ¹

8 3451 86 3494 ‘armen
102 3455 168 3498 uon
190 3433 256 3498 nisi
278 3434 490 3512 levissimam,
528 3442 561 3496 et
581 3447 665 3518 quae
685 3430 834 3496 animum
854 3453 920 3494 nou
943 3440 1073 3524 tangat,¹
1139 3477 1143 3484 ,

9 3511 386 3604 :licerepcrsuasiouem3
425 3525 540 3580 contra
569 3537 668 3578 omne
696 3523 905 3578 momentum
936 3531 1006 3577 esse
1028 3533 1064 3575 ιη

8 3596 143 3682 ascendis,
178 3613 326 3685 'quorum
349 3596 399 3661 vis
419 3608 493 3661 tum
511 3594 701 3669 vehementi
720 3605 814 3660 motu
833 3596 964 3682 ingenia
982 3615 1064 3684 per·

8 3677 81 3756 cellit,
111 3689 181 3744 tum
209 3679 251 3745 iis
277 3678 397 3744 leuiter
426 3677 730 3743 virtutisamorem
754 3675 909 3757 instillat,
943 3687 976 3740 et
1001 3695 1064 3739 usu
1131 3685 1135 3702 ’

8 3759 192 3850 aci-citioque
211 3759 346 3828 firmum
369 3759 585 3848 stabilemque
601 3759 721 3826 reddit.
762 3759 817 3826 Sic
836 3780 984 3824 scirnmus
1006 3757 1064 3822 ille
1139 3761 1143 3776 ‘

8 3837 100 3926 Pericle
164 3865 241 3908 cum
271 3865 314 3907 ex
340 3844 561 3930 Anaxagorae
592 3841 765 3933 disciplina
783 3840 1065 3918 accuratissimam
1121 3895 1133 3906 .

8 3865 397 4010 ueasishmnanae,ve1·i,
429 3925 572 4014 pulchri,
593 3923 724 3988 ct'boni
743 3923 964 4010 cognitionem
979 3921 1063 3985 hau-

8 4003 86 4081 sisset,
116 4007 237 4093 ingenii
259 4009 379 4079 aciem,
421 4028 520 4098 quam
546 4028 660 4070 rerum
688 4005 933 4071 reconditarum
957 4013 989 4067 et
1008 4001 1063 4066 iu·
1130 4041 1134 4048 ,

9 4087 192 4172 tetttgtbhium
213 4089 476 4155 consideratione
497 4095 711 4172 exercuerat·
726 4087 784 4156 'ed
805 4109 859 4154 res
880 4085 1062 4178 poprdares
