2502 4630
158 265 223 336 674

159 449 299 527 vitabat,
321 447 395 537 pari
414 445 541 535 sprevit
556 443 693 534 jndicio.
736 443 795 514 llle
813 455 965 515 vetustus
988 444 1131 512 orationis
1145 440 1209 528 rigor,

160 535 256 602 omni
275 532 449 598 destitutus
472 531 581 610 cultui,
630 533 757 601 rimam
776 533 813 598 in
833 531 1024 620 eloquentia
1045 527 1162 594 detortus
1176 540 1211 595 ut

96 645 118 694 ¹,
159 616 350 713 etquidem
369 637 432 704 per
449 613 497 680 Μ.
518 553 701 682 Aemdium
720 617 902 706 Lepidum,
934 613 1125 704 cognomine
1140 609 1213 704 loai-

159 701 257 782 nanti
296 723 332 764 m
353 721 441 786 quo,
484 708 521 764 ut
542 699 612 764 Cic.
635 700 729 771 Brut.
752 723 778 764 c.
800 702 852 766 25.
874 701 937 780 ait,
982 701 1125 790 primum
1140 695 1213 758 lenta

159 787 216 852 illa
255 785 460 850 Graecorum
502 783 655 881 apparuit
700 796 733 849 ct
780 785 963 850 verborum
1001 779 1216 870 comprehensio.

160 871 260 936 etiam
286 866 405 934 artifex
431 865 533 932 veluti
561 867 678 956 stylus.
728 867 836 956 Hujus
864 879 898 934 et
926 867 1032 932 utrius
1056 887 1097 930 uc
1124 861 1218 928 Gracchi

161 951 356 1040 exemplum
387 951 573 1026 maltorum
604 950 766 1038 juvenum
794 953 835 1017 ad
860 889 1089 1040 perdiscendas
1117 949 1218 1012 Gracc-

160 1058 239 1103 rum
264 1035 430 1102 doctrinas
463 1046 496 1099 et
516 1035 781 1122 consequendam
801 1037 911 1115 illam,
956 1057 1038 1124 qaue
1057 1031 1174 1100 Athenis
1188 1032 1220 1092 ir·

161 1131 260 1188 uentu
280 1130 314 1184 et
333 1117 477 1207 perfecta
497 1129 598 1199 esset,
636 1119 766 1186 dicendi
785 1121 856 1184 rim
878 1131 910 1184 et
932 1119 1119 1207 elegantiam
1137 1114 1219 1180 eran·

139 1206 210 1274 .vit
228 1203 395 1268 studium:
424 1223 492 1290 quo
515 1215 687 1268 evaserumt
706 1206 871 1270 Antonius
894 1205 1108 1291 Crassusque,
1134 1199 1222 1294 inqui

160 1287 223 1354 bus
240 1291 392 1376 primurn
412 1307 491 1350 curn
514 1288 718 1352 Graecorum
740 1287 844 1376 gloria
870 1287 971 1352 latine
992 1285 1117 1352 dicendi
1134 1305 1222 1369 copias

162 1378 335 1459 aequatam
365 1391 435 1436 esse
464 1369 586 1434 fatetur
607 1373 675 1436 Cic.
704 1371 799 1439 Brut.
829 1395 857 1436 c.
877 1379 932 1438 36.
956 1365 998 1436 of.
1028 1371 1129 1438 uma.
1148 1363 1224 1447 Qui.

16 1437 20 1456 ³
123 1491 139 1514 κ
162 1463 194 1525 8.
215 1455 336 1546 quibus
356 1456 430 1542 ipse
449 1455 649 1542 proximum
668 1453 889 1553 altioremque
911 1455 1086 1543 occuparit
1105 1453 1201 1517 locun.

59 1611 63 1620 ,
246 1539 335 1604 llaec
363 1549 491 1617 autem,
535 1560 616 1626 quae
645 1561 707 1628 per
736 1539 811 1604 rllos
838 1561 871 1604 m
906 1537 1092 1626 eloquentia
1115 1531 1224 1600 effloruit

162 1623 257 1690 latini
273 1623 437 1688 sermonis
461 1623 648 1703 maturitas,
669 1624 711 1688 ad
730 1623 850 1712 poesin
870 1624 974 1688 seritis
997 1633 1046 1686 est
1064 1621 1225 1685 munau

88 1709 90 1720 '
162 1707 256 1856 quod
276 1706 438 1785 sumnus,
480 1728 541 1794 per
561 1707 740 1794 Virgilium
764 1709 901 1772 demum
929 1717 963 1771 et
982 1705 1165 1781 Horatium,
1193 1701 1226 1784 qui

191 1792 306 1856 tticum
336 1788 427 1854 illurn
448 1790 705 1856 concinnitatem
727 1811 910 1878 omnesque
930 1791 1125 1860 Graecarum
1149 1785 1226 1850 ttae

110 1883 119 1899 “
161 1897 240 1942 rum
261 1893 396 1941 veneres
415 1871 606 1940 felicissimo
627 1885 749 1940 conatu
768 1875 803 1938 in
824 1895 884 1939 sua
903 1873 1158 1940 transfunderent
1171 1889 1225 1954 pos

162 1969 260 2028 mats.
301 1958 387 2022 Nam
408 1959 789 2046 Lucretianaeldictionis
810 1957 1002 2046 ponderosa
1020 1959 1149 2056 gravitas
1162 1973 1226 2039 qum

162 2039 300 2121 horrida
319 2039 427 2106 adhuc
459 2052 490 2105 et
511 2041 665 2106 sordibus
691 2039 860 2130 inquinate
883 2043 949 2106 estl
992 2039 1085 2108 Nihil
1103 2035 1228 2104 diana

164 2127 314 2192 Varrone
334 2123 492 2202 Atacino,
525 2123 619 2212 eujus
641 2125 805 2212 inelegans
828 2127 934 2192 oratio
958 2135 992 2189 et
1008 2123 1099 2190 hians
1122 2141 1226 2204 conpu-

164 2210 242 2276 sitio
264 2231 308 2283 ex
329 2208 468 2273 residuis
490 2219 736 2295 cognoscuntur
756 2209 964 2307 fragmentis3
993 2209 1029 2274 in
1050 2207 1158 2274 Catulli
1171 2225 1226 2289 pot

164 2295 262 2359 matis
301 2293 465 2358 Graecum
493 2293 638 2358 nitorem
670 2303 704 2358 et
732 2313 928 2358 concinnam
961 2291 1142 2357 facilitatem
1163 2289 1226 2350 etim

164 2377 353 2453 desiderari,
376 2397 478 2440 nemo
501 2386 567 2452 ost,
590 2376 649 2464 qui
669 2375 789 2440 infitias
807 2387 868 2442 eut.
910 2372 1025 2458 Quid?
1044 2373 1166 2442 nonuci
1186 2371 1227 2432 sia

166 2460 336 2526 Ciceronis
362 2458 492 2547 poetica
523 2459 624 2524 dictio
645 2461 771 2525 mirmn
801 2474 964 2548 quantum
985 2461 1092 2526 diflert
1108 2483 1126 2522 a
1140 2393 1226 2522 felca-

100 2543 105 2554 '
165 2545 250 2611 sima
269 2543 324 2608 illa
343 2541 514 2623 facilitate,
571 2565 651 2608 uam
672 2544 707 2608 in
728 2543 799 2631 ejus
818 2566 976 2610 sermone
1001 2542 1073 2628 jure
1091 2540 1226 2608 admiratur

71 2631 77 2636 '
116 2683 118 2690 ,
155 2621 540 2714 Quintilliani?
599 2627 651 2690 uri
671 2626 741 2714 ejus
764 2649 892 2708 versus,
933 2628 1030 2695 omni
1051 2625 1226 2712 compositio

164 2713 218 2778 nis
250 2722 288 2776 et
309 2709 539 2777 concinnitatis
568 2721 636 2775 arte
656 2721 813 2776 carentes·
831 2724 864 2778 ct
884 2711 1042 2778 salebrosi
1061 2707 1227 2775 immundum

164 2795 335 2864 uetustatis
363 2795 516 2860 colorem
543 2793 701 2860 referunt
732 2793 773 2866 cf.
804 2797 900 2862 Auct.
929 2795 1014 2861 Disl.
1042 2795 1081 2860 de
1104 2793 1191 2856 Oratt
1210 2809 1226 2846 c.

38 2983 41 2997 Ι
104 2906 110 2918 ·
165 2888 219 2948 21.
240 2900 276 2967 p.
298 2882 372 2946 708.
394 2877 437 2944 T.
460 2877 501 2942 Π.
524 2877 576 2944 ed.
597 2877 711 2944 Oberl.
730 2881 853 2976 Atque,
892 2889 930 2944 ut
951 2879 991 2943 ad
1013 2889 1140 2946 aetatem
1156 2873 1226 2960 ipsiu

166 2962 297 3031 llorau‘i
316 2961 570 3042 descendamus,
599 2983 712 3026 nonne
732 2963 862 3028 Asimus
884 2962 1010 3045 Pollio,
1033 2965 1101 3050 qui,
1131 2967 1227 3023 auctora

167 3047 329 3112 Suetonio
351 3044 384 3111 d.
405 3043 454 3111 lll.
476 3046 536 3110 Gr.
557 3069 586 3110 c.
610 3051 677 3124 10.,
706 3046 848 3112 Sallustii
870 3047 992 3146 scripta
1012 3041 1226 3134 reprehendent·

166 3141 205 3196 ut
234 3129 339 3196 nimia
372 3129 563 3217 priscorum
599 3130 779 3197 verborum
807 3129 1014 3208 affectatione
1042 3130 1154 3204 oblita,
1185 3135 1226 3212 bn

166 3213 267 3302 longe
287 3237 306 3278 a
322 3214 434 3292 nitore
453 3224 486 3278 et
505 3211 707 3299 jucunditate
728 3215 895 3280 Ciceronis
917 3213 1039 3295 abibit,
1077 3225 1112 3278 nt
1128 3209 1226 3290 Quint

165 3297 255 3364 liano
277 3297 319 3366 X
344 3301 373 3362 1.
395 3303 467 3364 113.
495 3297 626 3362 saeordo
652 3300 749 3384 prior
777 3298 901 3364 vixisse
927 3309 959 3363 et
978 3297 1109 3364 Auctori
1127 3285 1226 3378 Diali

168 3381 275 3447 Oratt.
298 3380 323 3446 l.
345 3381 481 3446 cintus·
499 3381 671 3446 Menenios
693 3395 726 3447 et
756 3383 884 3470 Appios
907 3383 1067 3448 studuisse
1084 3370 1228 3446 videatur?

255 3464 550 3545 Quemadmodum
585 3465 686 3553 igitur
719 3465 870 3532 lubenter
912 3467 1130 3544 concedimus,
1166 3451 1226 3546 quai

114 3580 130 3638 1ι
168 3549 418 3615 concedendum
439 3559 488 3614 est
499 3597 509 3629 ,
538 3549 667 3614 Horatii
687 3561 791 3616 estate
810 3550 953 3648 viguisse
974 3552 1117 3639 antiquae
1135 3547 1162 3610 in
1179 3561 1225 3604 ut·

167 3633 314 3699 minibus
331 3655 414 3700 com
440 3633 578 3698 onendis
594 3633 751 3702 dictionis
773 3633 938 3714 stadium,
959 3634 1150 3700 contrarium
1158 3643 1226 3716 pnr-

168 3739 225 3784 aus
248 3719 293 3798 ei,
335 3738 381 3804 qn
446 3717 518 3804 ipse
538 3727 730 3804 sequeretur
762 3730 794 3784 et
826 3718 1008 3799 adamaret,
1044 3719 1088 3783 ita
1105 3731 1226 3806 peraegr-

169 3808 262 3883 mus,
298 3821 381 3866 eum
408 3800 477 3866 sive
509 3813 630 3898 sponte
653 3803 727 3870 sive
747 3801 936 3868 lacessitum
976 3821 1156 3894 aggressum
1185 3809 1228 3856 aas

170 3907 247 3965 eos,
277 3883 336 3972 qui
357 3883 398 3950 de
416 3885 512 3973 poesi
529 3884 671 3974 ejusque
692 3897 760 3952 arte
780 3906 889 3964 secus,
916 3909 1022 3974 quam
1039 3892 1122 3986 ipsa,
1140 3890 1227 3946 statis·

168 3979 261 4046 rent,
304 3978 337 4032 et
363 3969 400 4033 in
421 3969 599 4034 scribendis
621 3971 785 4058 mametis
809 3981 961 4036 veterum
984 3973 1069 4042 tam
1119 3976 1226 4032 aetatun

169 4051 307 4136 vestigia
325 4073 478 4146 premere
497 4052 652 4131 mellent,
676 4075 783 4146 quarn
801 4055 1028 4135 Graecorum,
1068 4080 1084 4120 a
1145 4059 1228 4128 ΗΘΜ

170 4131 364 4218 exemplum
387 4155 461 4220 ipae
490 4159 525 4199 se
551 4143 665 4202 totum
684 4161 763 4204 com
812 4139 920 4204 n'ebut.
967 4139 1053 4204 Nam
1072 4073 1200 4226 piniario
1214 4143 1228 4182 ⁵¹

171 4233 236 4298 qua
263 4225 347 4280 asca
375 4214 459 4281 faeta
485 4229 662 4305 poetarum
688 4223 725 4290 iu
776 4243 833 4286 uas
858 4233 970 4312 partes
995 4222 1155 4301 maesto,
1184 4227 1227 4277 sn
