2492 4636
843 307 855 334 ο
1005 245 1075 343 ‘5³59

1015 347 1023 382 l

7 393 380 478 :emtommdementiam
401 391 777 484 atque-iuselicitatem.
799 394 953 482 quicum
976 393 1076 465 aher-

7 483 84 548 :imos
104 476 225 544 fructus
247 499 292 542 ex
312 477 455 564 antiquis
484 499 603 574 capere
621 487 782 566 possent,
816 499 885 544 non
912 471 990 540 satis
1012 477 1075 543 ha·

7 575 61 628 seut
87 584 139 626 eos
166 560 340 650 negligere,
375 559 433 628 sed
463 559 505 658 ad
534 559 760 626 excusandam
787 583 881 628 suam
910 557 1072 651 desidiam

11 643 167 736 nrpissimo
189 667 226 710 se
238 637 415 732 inquinant
434 639 580 712 invidiae
604 652 703 730 atque
727 643 977 710 maledicentiae
1005 643 1073 724 cri:

7 729 93 794 nine'?
127 727 201 874 Age
224 726 359 791 veroin
381 726 475 809 istius
498 725 620 792 erroris
642 747 755 806 causas
771 725 991 814 inquiramus,
1012 749 1100 792 ve-·

7 807 168 896 ¹eresqaeP
194 807 375 896 ilosophos,
411 817 572 898 quantum
593 809 629 872 in
650 807 746 873 nobis
767 819 827 904 est,
859 809 895 873 in
915 829 993 872 suae
1013 831 1074 874 su-

7 891 131 960 nonusis
191 891 410 958 ossessionem
437 889 532 956 iustis
561 889 715 957 sindiciis
745 899 968 976 restituanqss.
1024 911 1053 954 't

58 977 106 1042 Ac
125 914 224 1040 video
244 973 380 1060 quidem
396 995 463 1056 me,
484 995 560 1038 cum
582 974 650 1038 iam
670 971 832 1039 adfinem
857 997 932 1039 mea
947 983 1073 1076 spectat

7 1057 91 1138 aratio,
111 1079 185 1122 eam
207 1054 465 1143 disputationem
484 1053 664 1146 suscipere,
692 1075 776 1142 quae
796 1055 829 1122 si
844 1055 1072 1124 exhaurienda

7 1153 73 1226 rtque
91 1138 280 1228 peroranda
308 1150 410 1220 esset,
446 1149 478 1204 ct
504 1137 573 1202 dies
604 1159 660 1204 me
690 1147 723 1202 et
751 1137 854 1202 latera
883 1137 1071 1206 deficerent.
1178 1153 1183 1168 '
1235 1194 1236 1220 ,

7 1223 48 1290 led
64 1222 162 1288 semel
190 1221 226 1290 in
255 1221 361 1286 altum
386 1221 535 1308 ingresso
564 1222 640 1312 vela
666 1218 828 1286 nimirum
856 1221 965 1286 (landa
983 1235 1072 1304 suut,

7 1303 302 1390 illaborandnmque,
342 1315 379 1368 ut
404 1301 603 1370 brevissimo
638 1324 751 1384 cursu,
793 1325 859 1389 quo
895 1305 1071 1392 tendimus,

7 1385 226 1466 serreuiennus3
247 1383 435 1474 faciuntque
459 1383 544 1452 mihi
565 1385 696 1472 ingenia
724 1396 832 1452 vestra
854 1385 939 1452 hanc
959 1385 1069 1466 fidem,

7 1467 25 1534 it
41 1481 130 1532 totam
153 1467 381 1558 quaestionem
401 1469 531 1536 insutis
554 1471 640 1534 clara
660 1470 735 1534 luce
752 1468 898 1617 positam
917 1469 1070 1555 arbitrer,
1118 1511 1121 1518 »

7 1551 89 1616 icius
111 1552 163 1618 rel
222 1551 388 1639 raecipua·
412 1551 519 1639 capita
544 1549 663 1618 leviter
688 1571 754 1640 exp
769 1550 892 1616 iouero.
953 1555 1069 1640 ltaque

7 1632 174 1722 reperiemus
195 1571 257 1698 hos
282 1635 497 1722 antiquorum
520 1628 805 1722 Philosophorum
826 1633 1068 1722 vituperatores

7 1737 32 1782 es
54 1739 111 1780 nuo
138 1726 171 1780 et
202 1715 306 1780 altero
331 1739 451 1804 .eoque
477 1715 589 1780 ieiuno
618 1713 778 1785 historiae
812 1713 1070 1806 Philosophicae

7 1797 168 1886 :suspendio
199 1797 240 1862 de
267 1807 358 1864 tanta
385 1821 422 1864 re
447 1799 646 1864 existimare.
704 1798 786 1872 Sed,
823 1807 860 1862 ut
881 1799 1069 1866 omittamus

7 1905 43 1944 ns
66 1903 84 1944 a
107 1877 195 1944 malo
221 1877 347 1947 seriatis
370 1879 566 1970 compilatos
586 1877 729 1962 libellos,
756 1891 898 1946 tautum
917 1881 1010 1948 abest
1030 1891 1070 1949 ut
1118 1919 1120 1924 ·

7 1984 29 2026 τι
48 1959 294 2050 diligentissimis
316 1961 487 2028 hodiernis
510 1961 728 2050 scriptoribus
748 1963 834 2028 iusta
851 1961 1069 2054 absolutaque

7 2045 100 2108 ceteris-
117 2043 355 2132 Philosophiae
383 2043 501 2112 notitia
528 2056 755 2134 comparetur,
791 2056 892 2122 ntea
928 2046 988 2114 vix
1024 2070 1069 2118 ex

7 2129 58 2212 pais
75 2127 270 2214 antiquitatis
298 2125 443 2195 sontibus
465 2122 598 2192 abunde
617 2127 745 2202 hauriri
769 2140 866 2216 posse
895 2129 1070 2212 videamus

7 2231 28 2272 eo
44 2207 118 2294 quod
139 2231 246 2294 neque
267 2209 445 2276 centesima
464 2233 541 2300 para
570 2233 613 2274 ex
645 2219 796 2275 veterum
817 2207 910 2276 libris
938 2213 980 2276 ad
1000 2237 1067 2282 no-

7 2301 75 2356 stran
90 2290 240 2378 peruenit
266 2303 416 2358 aetatem.
473 2293 563 2360 Nam
584 2301 621 2356 at
642 2313 661 2357 a
683 2291 873 2380 Pythagora
899 2293 1068 2384 incipiam,

8 2373 43 2456 qni
69 2373 189 2460 primus
215 2371 454 2461 Philosophiae
478 2397 603 2440 nomen
632 2385 665 2440 ct
693 2375 823 2440 nomini
850 2374 975 2442 samam
1005 2402 1068 2462 pe·

8 2455 79 2540 perit3
107 2478 219 2522 uanae
237 2463 269 2520 et
290 2455 392 2544 ipsius
423 2457 508 2522 ratio
530 2457 717 2530 l'abularnm
736 2457 880 2536 tenebris
908 2457 1069 2530 obvoluta

8 2547 45 2611 est,
74 2549 102 2600 et
119 2535 420 2626 Pythagoreorum,
460 2537 517 2626 qui
540 2561 600 2620 per
620 2541 727 2606 multa
754 2543 884 2606 saccula
910 2565 1067 2630 magnam

8 2615 144 2684 Graeciam
157 2620 353 2686 auctoritate
368 2631 400 2685 et
421 2619 597 2708 disciplina
617 2632 805 2704 tenuerunt,
825 2623 916 2708 quid,
956 2647 1068 2708 uaeso,
1117 2677 1123 2696 .

8 2712 102 2844 praeter
149 2702 324 2768 aucissisna
347 2713 450 2768 restat
478 2701 685 2793 fragmenta?
744 2701 837 2796 Quid
867 2705 908 2768 de
934 2647 1065 2796 ἕωμεν

19 2783 79 2866 acle,
100 2866 106 2877 ·
131 2783 317 2874 enophaue,
352 2783 524 2852 Heraclito
552 2807 590 2850 ac
618 2783 814 2850 Democrito
837 2783 973 2861 dicam?
1030 2785 1065 2854 ui

8 2861 206 2932 rhstrusrssima
236 2877 371 2932 naturae
398 2862 582 2955 penetralia
609 2868 695 2932 mira
725 2891 759 2932 aa
783 2868 899 2952 acitate
925 2869 1019 2937 iuves

9 2959 87 3020 ruunt
101 2947 358 3038 investigataque
372 2949 605 3038 explicarunt?
645 2949 736 3034 Quid
751 2887 792 3016 tie
809 2949 922 3016 Ionica
939 2951 1068 3033 schola,

9 3023 122 3110 lhalete,
133 3031 357 3110 Anaximene,
371 3031 574 3120 Anaxagora
590 3043 622 3096 et
633 3031 826 3100 Archelao?
849 3053 929 3114 quos
943 3034 1064 3100 ruentis

9 3133 132 3176 susanae
147 3135 183 3179 ac
200 3111 320 3178 muudi
334 3125 488 3179 naturam
503 3113 912 3201 sollertissimeindagasse
926 3125 1064 3182 constat.

9 3189 95 3258 Omnia
119 3193 240 3262 horum
271 3195 334 3260 scri
361 3207 393 3262 ta
418 3197 588 3265 camurani
614 3198 801 3268 litterarum
827 3195 958 3286 periere
978 3221 1067 3266 nau-

9 3269 91 3366 lugia!
134 3277 255 3364 Neque
270 3220 388 3346 ,mullo
416 3279 592 3344 meliorem
619 3280 798 3351 loctunam.
824 3287 865 3358 en
893 3281 953 3356 erti
982 3291 1065 3350 ⁴sieut

9 3377 41 3438 pn
54 3379 100 3450 'ex
120 3357 264 3426 Socratis
292 3361 407 3426 schola
435 3358 591 3448 prodiere
612 3360 825 3451 Philosophi.
867 3301 912 3430 ht
933 3361 975 3428 de
997 3365 1063 3432 Soe
1124 3439 1126 3444 ¹

9 3449 73 3502 nata
90 3442 218 3528 quidem
242 3441 336 3508 dictis
356 3429 515 3533 sectisque
537 3443 626 3510 uude
647 3455 776 3510 constat
795 3465 896 3532 quam
921 3467 963 3512 ex
987 3445 1072 3516 Xe-.

10 3521 136 3606 uphonte
156 3535 188 3589 ct
214 3523 378 3590 Platone?
433 3528 523 3594 Nam
555 3526 611 3592 illa
641 3526 963 3596 ele'antissimorum
975 3527 1070 3596 Diam

10 3623 133 3695 semum,
151 3628 253 3694 seges,
292 3607 411 3694 quibus
439 3609 640 3692 Aeschines,
675 3551 904 3693 Antisthenes,
945 3609 1063 3696 Cebes,

10 3683 163 3777 Aristippus,
206 3681 340 3776 aliique,
376 3689 652 3772 Socratiqvitam
677 3691 953 3782 disciplinamque
978 3693 1062 3763 illu-

10 3773 123 3918 tlrarnuq
137 3769 218 3836 haec
240 3781 318 3852 tota,
341 3785 592 3860 quantacunque
613 3785 672 3856 est,
704 3773 902 3856 intercidit,¹
922 3777 1074 3850 Constat.

10 3863 93 3928 ttlanta
118 3851 255 3922 elicitatc
277 3875 377 3922 exeo
396 3867 557 3944 tempore,
575 3857 675 3922 variis
696 3857 803 3938 sectis,
823 3845 1064 3948 Philosophiae
1171 3927 1175 3936 ,

10 3928 147 4024 rilqruerit
186 3935 352 4018 studium,
377 3936 609 4020 Academica,
647 3939 882 4026 Peripateticae,
924 3937 1073 4028 Cynica..

10 4009 93 4095 itura,
121 4017 293 4105 Epicurea.
342 4019 455 4106 Atque
482 4043 524 4086 ex
551 4017 736 4098 Academia
763 4033 796 4088 et
817 4021 939 4112 ¹Lyceo
969 4021 1059 4108 quid,

11 4111 104 4175 quaeso,
123 4097 280 4168 habemus
296 4111 437 4202 praeta,
449 4101 775 4208 Platqqiqetpauca
787 4105 958 4206 ‚quaedam
973 4101 1075 4194 Ape,
