2502 4630
43 266 52 293 .
131 217 227 298 'ris

161 415 229 482 lam
266 403 522 486 cominendanti
547 413 620 482 ,sed
648 414 721 482 boo
750 417 841 495 dieo,
891 437 999 504 neque
1029 429 1114 482 amre
1138 441 1204 506 gean

162 498 448 585 transpositionis,
478 519 584 586 neque
605 499 709 566 ullum
734 523 837 602 genus
859 499 931 588 ejus
953 500 1068 588 ubique
1083 513 1128 566 aut
1141 504 1204 568 adbi-

162 581 326 659 bendum‚
369 593 424 646 aut
452 581 521 649 aliis
549 583 745 650 emendandi
770 585 881 651 modis
914 581 1141 672 praeferendum
1155 597 1227 652 ue

163 667 200 734 Id
221 687 326 755 quum
345 666 398 732 vel
420 684 481 755 per
499 689 534 732 se
555 667 599 732 lta
621 670 664 733 sit
684 681 933 758 computatum,
975 680 1013 732 ut
1041 669 1147 734 nemini
1164 693 1207 736 aaa

163 749 278 818 debeat
296 772 413 816 verum
439 749 558 824 videri,
576 752 653 816 lum
674 754 782 820 multo
804 777 859 818 ma
884 754 910 816 is
937 751 1100 830 elucescet,
1116 753 1159 818 ubi
1173 756 1207 818 di-

118 865 124 880 ·
163 837 310 902 stinctius
339 833 585 922 explicabitur*
621 837 707 901 Nem
735 837 816 924 quid
879 837 935 900 iud
970 839 1107 924 agimus,
1140 859 1209 923 quun

163 920 242 1018 qnid
261 919 514 1006 transponendis
536 919 643 988 verbis
667 922 896 1002 emendamus,
919 942 1018 1006 quum
1039 932 1074 984 ut
1088 921 1227 984 turbatumt

163 1026 198 1070 ιιι
219 1003 308 1068 libris
329 1004 508 1092 genuinum
528 1005 686 1086 ,ordinent
704 1005 883 1070 verborum
904 1004 1085 1069 studeamus
1101 1007 1210 1069 restitue-

162 1083 219 1154 re?
259 1089 313 1152 Ex
341 1091 408 1173 quo
440 1089 685 1175 consequitur,
714 1084 832 1154 eodem
856 1089 961 1152 modo
992 1087 1108 1152 inhoe
1131 1111 1211 1174 genus

188 1169 410 1238 recedendum
443 1189 533 1252 esse,
571 1193 638 1260 quo
681 1173 717 1236 in
751 1173 821 1260 eliis
835 1241 839 1251 ¹
852 1171 1026 1260 generibus
1056 1173 1211 1236 emendend.

162 1195 250 1322 llam
272 1255 555 1342 quemadmodum
579 1256 636 1320 ubi
656 1259 835 1344 scripturae
863 1257 941 1320 vitia
968 1255 1139 1342 corrigenda
1154 1267 1213 1324 suat.

162 1361 232 1406 non
257 1350 380 1404 temere
405 1336 481 1404 licet
508 1340 596 1404 aliud
624 1341 823 1406 vocabulum
851 1363 915 1428 pro
938 1339 1002 1404 alio
1022 1363 1144 1428 ponere,
1179 1341 1214 1402 ssd

162 1423 342 1495 videndum
369 1433 421 1519 est
449 1445 531 1512 quae
558 1423 683 1490 litterae
713 1425 765 1490 vel
791 1445 874 1572 {ma
901 1425 1017 1497 umba,
1057 1434 1086 1487 et
1108 1445 1172 1509 ques
1188 1423 1215 1502 ab

164 1527 289 1574 mussas
321 1507 480 1594 quibusve
510 1509 797 1574 conditionibusa
840 1509 984 1574 librariis
994 1519 1216 1572 commutentur:

162 1593 210 1658 ita
228 1592 325 1658 etium
346 1613 451 1677 quum
479 1603 531 1656 est
548 1593 588 1658 de
609 1593 727 1658 ordine
746 1593 928 1658 verborum
958 1591 1108 1658 dubitatio
1124 1601 1217 1663 exous,

164 1677 276 1765 quaeri
296 1686 428 1762 oportet
458 1677 516 1762 qui
543 1676 666 1742 laetam
695 1678 738 1741 sit
759 1689 796 1740 ut
816 1677 945 1741 turbam
965 1675 1061 1742 luerit
1079 1674 1215 1740 verborum

163 1760 355 1844 collocatio,
392 1762 503 1846 etqui
525 1761 590 1824 sint
611 1759 710 1850 hujus
732 1761 929 1828 turbationis
950 1759 1043 1824 m'odi
1062 1781 1094 1824 ac
1111 1758 1227 1840 termini}

144 1845 242 1911 .Non
268 1843 357 1910 enim
389 1865 467 1908 casu
493 1843 594 1926 rerba
620 1867 681 1932 per
707 1843 832 1910 chartas
861 1843 1105 1910 ascribentibus
1124 1841 1227 1929 disper-¹

109 1983 117 1992 .
164 1941 303 2018 guntur,
338 1927 396 1996 sed
417 1927 621 1992 collocantur
642 1929 757 1994 ordine
779 1929 942 2016 quodam:
983 1927 1039 2014 qui
1060 1925 1149 1991 sicubi
1166 1947 1217 2012 per·

163 2014 315 2092 vertitur,
333 2013 419 2078 'esse
440 2010 561 2100 aliquid
582 2035 714 2078 necesso
735 2025 799 2092 est,
837 2033 897 2076 eur
916 2012 973 2108 qui
994 2011 1102 2074 scribit
1119 2031 1134 2074 a
1152 2033 1218 2096 prse-

70 2121 86 2177 χ
138 2098 285 2184 'scripto
314 2097 430 2162 ordine
455 2097 607 2162 discedat.
666 2097 824 2193 Idemque
851 2095 903 2162 rel
931 2117 967 2159 m
998 2094 1151 2181 loquendo
1173 2092 1219 2154 lini

163 2181 330 2259 ridemus,
360 2191 414 2256 ut,
452 2183 508 2266 qui
530 2181 664 2245 celerius
687 2178 984 2268 aliquid-profert,
1001 2179 1166 2243 litterarum
1182 2199 1218 2239 ar·

164 2265 274 2330 dinem
308 2275 489 2351 persalutet,
530 2265 589 2329 sed
626 2265 721 2330 certis
752 2276 862 2330 tamen
891 2263 1035 2350 legibus,
1077 2284 1169 2348 neque
1190 2271 1218 2334 ut

188 2349 253 2414 uod
271 2349 334 2413 Jer.
356 2347 550 2412 Marklando
574 2350 608 2413 iu
629 2351 767 2414 lloratio
789 2352 824 2412 in
845 2357 992 2412 mentem
1012 2347 1116 2426 venit,
1141 2341 1218 2434 perfi-

251 2431 307 2496 tte
328 2451 439 2518 caupo
459 2432 515 2496 fiat
536 2433 749 2498 canendnum
769 2427 877 2520 vafer
896 2431 965 2496 Ιιίο.
1054 2455 1056 2470 ¹

159 2560 162 2569 -
185 2583 189 2590 ,
246 2517 330 2580 Sunt
342 2517 442 2601 igitur
461 2517 579 2582 mutati
603 2517 783 2586 uerborum
803 2515 928 2580 ordinis
950 2525 1104 2601 quattuor
1119 2511 1217 2599 potissi·

162 2613 425 2668 mumeanssaes
467 2617 549 2668 una.
585 2621 653 2664 non
673 2599 865 2687 imputanda
884 2595 1042 2678 libraiiis,
1081 2597 1148 2664 libri
1163 2593 1217 2656 irate

163 2685 241 2770 quid
262 2683 455 2748 describitur
475 2685 609 2764 ritium3
637 2684 780 2770 reliquus
798 2695 865 2749 tres
885 2685 922 2748 in
944 2705 982 2748 eo
1004 2681 1062 2770 qui
1081 2681 1175 2748 scribit
1190 2675 1218 2740 si·

162 2777 229 2849 tae,
251 2766 444 2845 consilium,
466 2789 508 2831 ne
530 2768 678 2856 ligentia‚
699 2789 801 2834 error.
1200 2841 1211 2852 ..

242 2853 289 2916 Ac
315 2852 464 2938 primum
493 2791 575 2918 illud
603 2873 723 2940 genus,
764 2851 857 2940 quod
884 2860 977 2916 vacat
1005 2849 1100 2937 eulpa
1123 2845 1219 2915 librans

162 2936 211 3000 uti
229 2935 414 3013 rarius,est,
442 2935 487 3000 ita
507 2937 604 3002 etiam
618 2937 723 3001 rarius
741 2937 777 3000 in
798 2935 1004 3001 emendando
1024 2933 1130 2998 locum
1147 2927 1220 2992 habet

163 3020 357 3086 continetur
376 3027 487 3085 autem
509 3021 561 3086 rel
581 3019 738 3088 foliorum
760 3020 876 3086 ordine
896 3019 931 3084 iu
954 3015 1124 3104 exemplo,
1162 3007 1219 3101 quud

162 3113 238 3174 ente
260 3102 373 3170 oculos
394 3101 534 3170 habebut
554 3105 719 3182 librarius,
741 3103 931 3192 perturbato
938 3127 948 3181 3
981 3101 1035 3166 rel
1058 3099 1219 3165 condonatis

162 3209 245 3276 quae
264 3189 299 3254 in
318 3185 461 3274 disjectis
483 3189 602 3256 chartis
624 3191 745 3275 scripta
767 3181 916 3266 fuerunt}
959 3185 1015 3250 uel
1035 3184 1109 3250 loeo
1131 3184 1220 3272 integra

148 3283 219 3341 aut
246 3293 361 3350 versu,
403 3271 461 3370 qui
491 3273 631 3340 amusos
654 3271 776 3350 fuerat,
821 3271 896 3336 alibi
926 3293 963 3334 ac
984 3269 1119 3334 debebat
1134 3273 1221 3413 fault

161 3357 270 3443 signis,
293 3377 376 3442 quae
388 3378 418 3422 er
439 3357 551 3422 sedem
565 3379 659 3422 suam
681 3358 900 3444 assignarent,
921 3354 1075 3441 neglectis
1094 3352 1220 3416 deensis.

117 3431 130 3444 “
160 3451 199 3507 nt
220 3443 253 3520 in
271 3439 427 3589 Amin
445 3443 694 3538 Agamemnone
715 3461 746 3512 r,
771 3443 860 3508 1299.
888 3450 921 3503 et
943 3439 979 3502 in
1003 3432 1189 3524 Choepboris
1202 3447 1221 3492 t.

39 3539 45 3546 '
162 3529 233 3595 163.
253 3524 305 3592 vel
325 3547 382 3594 ver
407 3551 426 3590 o
450 3525 568 3614 ohqua·
584 3524 692 3589 simili-
712 3545 822 3588 caussa
842 3523 877 3586 in
897 3523 999 3587 alium
1020 3521 1128 3586 locum
1146 3528 1221 3579 tratu-

159 3606 243 3689 loto,
276 3617 331 3686 ut,
370 3607 508 3674 verbum
529 3607 670 3694 ἔιίῥανται
690 3607 725 3672 in
747 3606 894 3694 ejusdem
915 3617 1034 3694 poetae
1054 3603 1151 3699 Persis
1178 3615 1221 3691 et.

160 3695 233 3760 570.
253 3693 288 3758 in
307 3715 340 3758 v.
362 3693 434 3761 582.
464 3693 597 3771 venisse,
618 3691 702 3756 mihi
721 3692 844 3756 casensi
863 3701 940 3754 sunt
960 3689 1130 3759 nouissimi
1147 3683 1222 3748 edito·

160 3797 231 3856 τοις
271 3775 323 3842 rel
352 3797 457 3866 quum
476 3778 583 3842 textui
604 3776 809 3840 immiscetur
833 3774 1058 3862 interpretatio
1079 3772 1221 3854 litterarum

159 3845 280 3932 sbrmis
296 3881 367 3926 non
387 3861 463 3924 satis
485 3861 638 3938 discreta,
661 3861 751 3943 utin
771 3855 866 3924 Aiace
886 3881 915 3926 v.
940 3861 1031 3925 1054.
1060 3879 1121 3944 pro
1141 3856 1222 3934 illst?

102 3987 104 3992 -
142 3966 215 4030 ,μιν
236 3943 391 4023 ζητοῦντες
411 3947 506 4029 ἐχθίω
526 3945 655 4028 Φρυγῶν
672 3946 708 4008 in
729 3936 1005 4029 codiceq'uodurn
1025 3940 1151 4028 legitur.
1169 3938 1220 4006 {go

159 4049 251 4111 ρομεν
279 4023 372 4092 αὐτόν
398 4031 493 4122 ἐχθίω
525 4030 652 4112 Φρυγῶν
680 4029 850 4104 lascivere·
891 4027 944 4092 rel
978 4025 1118 4111 denique
1150 4031 1221 4105 (ιω

158 4109 240 4254 dum
261 4131 303 4176 ex
322 4109 446 4176 laciniis
466 4111 533 4176 sitn
553 4113 668 4180 solutis
690 4112 891 4199 descriptum
913 4109 992 4175 est.‘
1023 4110 1067 4174 Et
1094 4106 1149 4171 bae
1171 4119 1220 4185 qul·

181 4214 240 4266 em
255 4195 544 4300 transpositiones,
571 4197 602 4262 si
623 4197 731 4262 media
751 4197 854 4262 oratio
875 4197 1062 4282 interrupta
1079 4201 1139 4266 est,
1173 4180 1220 4270 ple·
