2488 4640
153 231 240 294 aaa·
395 197 404 228 ⁸

125 369 136 402 N

68 435 73 448 “
153 417 246 504 quasi
268 437 379 492 arona,
402 413 595 512 gladiatorio
616 427 712 484 ruo-rc
734 427 955 486 concurrunt.
999 417 1096 498 Quam
1111 439 1207 505 ptura-

154 503 318 566 cationem
341 499 546 564 audientibus
569 521 634 564 una
656 504 790 568 tandem
819 501 873 566 illa
893 502 1079 588 relinquitur
1094 501 1208 565 consola-

152 587 218 666 tio,
250 583 423 671 quodhac
444 583 479 646 in
500 606 595 648 arena
616 605 685 648 non
705 587 813 651 fluunt
834 587 998 674 sanguinis
1018 585 1117 664 fluvii,
1144 585 1210 649 sola-

151 670 266 756 tioque
295 667 393 734 etiam
420 667 540 732 laetitia
570 689 825 758 nonnumquam
849 669 991 750 aceedit,
1030 671 1056 734 si
1075 669 1211 756 disputatio

143 753 301 845 ¹publicu,
348 751 408 816 etsi
428 751 551 815 nullius
576 755 742 838 sanguinis
764 765 827 833 est,
870 753 969 818 habet
994 764 1096 831 tamen
1113 773 1213 816 saecun

128 836 315 924 'aliqucm‚
359 835 416 932 qui
452 857 495 899 cx
521 835 661 922 ingeniis
695 839 956 902 concertantium
989 835 1153 926 proiectus,
1187 835 1214 900 ul

147 919 307 997 illorum,
330 941 388 1006 qur
408 929 593 1004 spectatum
613 919 942 1008 renerum-'ingenia
960 931 1124 1008 pcnnanat.

165 1001 171 1019 '
235 1004 300 1068 Sed
329 1001 498 1067 sufficiant
525 1001 623 1084 hoec.
668 1027 812 1092 quorum
832 1006 1023 1068 tenuitatem
1043 1002 1216 1068 excusabitu

147 1088 313 1175 temporis
344 1086 504 1168 brevitas,
546 1109 613 1175 quo
638 1101 766 1154 exarata
796 1099 871 1153 sunt
893 1101 955 1175 per
975 1089 1092 1176 aliquot
1109 1087 1164 1150 dics
1180 1085 1194 1149 f
1204 1123 1217 1134 ·

149 1172 276 1238 riarum
298 1171 333 1236 iu
355 1169 474 1257 angulo
496 1183 678 1250 terrarum,
701 1173 837 1260 qualem·
854 1172 1009 1236 Horatius
1025 1173 1055 1260 ²²)
1075 1171 1217 1256 descripsit

149 1256 212 1329 sed
232 1253 324 1318 libris
347 1277 451 1342 paene
474 1255 628 1321 omnibus
651 1257 825 1334 destituto]
870 1267 903 1320 et
923 1279 1003 1320 sero
1025 1257 1112 1320 etiam
1130 1265 1218 1329 metus,

151 1359 193 1402 ne
239 1339 442 1404 ertractando
467 1340 610 1426 graviori
632 1351 828 1428 argtuneuto
848 1342 1067 1429 praescriptos
1086 1339 1132 1404 his
1148 1337 1218 1402 libel·

149 1422 189 1487 lis
208 1359 291 1488 buca
311 1423 433 1488 itcrtun
450 1423 760 1512 transgrediarnur.·
794 1505 797 1512 Ι

459 1623 462 1638 t
831 1613 844 1634 Ι

470 1645 938 1668 ἡμὴ-φ...-

59 1910 63 1920 Ι
151 1813 266 1912 XLV.
320 1817 449 1894 Variae
482 1818 718 1892 Lectioncse
756 1815 847 1892 Cod.
879 1797 974 1912 bivii
1010 1817 1223 1890 Crotoniensi

66 1937 69 1944 ¹
119 1945 122 1954 ’
204 1919 242 1954 'i
481 1963 484 1972 ¹
560 1923 761 2038 eticerptae.
788 1941 847 2040 ’⁴¹*)

145 2143 234 2240 Lib.
258 2173 350 2237 XXI.
379 2197 407 2237 c.
431 2180 461 2239 t.
488 2171 583 2236 liceat
601 2207 644 2232 .-
671 2171 888 2238 memorabile
909 2173 1063 2238 omnium
1082 2207 1123 2220 -
1145 2169 1222 2235 baui-

83 2297 86 2300 ·
150 2257 223 2323 bale
245 2295 287 2306 -
315 2257 462 2344 periculo
483 2291 527 2306 --
556 2265 641 2322 c.'2.
684 2256 757 2320 ltal.
778 2253 958 2352 injectums
987 2258 1087 2320 titisse
1105 2295 1144 2309 -
1166 2276 1224 2341 pu·-

151 2342 238 2408 fecto
267 2341 343 2406 anni
363 2375 407 2390 -.-
434 2361 517 2428 qttac
548 2340 635 2427 apud
661 2351 770 2424 patres
791 2343 838 2426 pl.
860 2377 902 2390 --
935 2342 970 2403 in
1001 2343 1048 2406 im
1074 2340 1138 2404 erio
1157 2339 1224 2423 posi-

24 2438 25 2449 *
135 2431 205 2505 'tus
228 2463 269 2474 -
289 2424 441 2512 auspiciis
461 2424 565 2510 regul.
585 2459 629 2472 -
660 2423 821 2488 interfecit
840 2425 879 2488 ab
902 2449 941 2490 eo
964 2424 997 2488 d.
1023 2363 1225 2488 oilrunrati—

152 2531 242 2574 amn.
263 2509 399 2574 Libe-rus
421 2543 464 2556 -
485 2533 510 2572 c
533 2515 564 2574 3.
587 2509 672 2571 intra
692 2510 897 2594 praetorium
918 2547 961 2559 -
987 2509 1074 2595 pleb.
1099 2529 1131 2570 se
1153 2505 1225 2568 nelia-

150 2605 206 2657 tur
227 2632 265 2643 ·—
289 2593 477 2657 accersierat
497 2627 539 2642 --
559 2591 728 2655 Bruchinis
752 2629 793 2642 -
814 2594 875 2656 suli
899 2591 1112 2678 magistratib.
1132 2529 1226 2654 inc.—

152 2702 181 2742 c.
202 2679 233 2742 4.
257 2678 364 2741 Hann.
388 2675 605 2739 assentiebant
624 2713 667 2727 --
688 2677 909 2741 Hamilcarem
929 2681 1096 2760 virentem
1115 2675 1227 2738 redd.-

151 2755 337 2850 parandum
358 2771 424 2856 atq.
441 2761 527 2858 imp.
548 2793 592 2808 —
619 2757 654 2823 b.
678 2759 738 2825 fae.
761 2762 960 2826 discerneres
981 2797 1025 2812 --
1053 2771 1107 2824 aut
1130 2757 1226 2822 exerci-

54 2899 57 2912 ,
153 2847 204 2909 tui
225 2883 267 2896 ·-
288 2855 439 2908 accersita
460 2880 499 2894 ·-
522 2851 676 2907 c'onseeto
710 2845 893 2910 troelio—
912 2846 974 2910 Dei
993 2857 1102 2908 metus
1121 2864 1227 2904 -nte

90 2987 93 2994 2
151 2931 229 2994 ruit.
251 2965 293 2978 --
312 2927 402 2992 nulla
422 2951 457 2991 re
478 2965 519 2978 -
541 2951 568 2990 c.
592 2929 623 2991 5.
648 2865 845 3007 declaratus,
875 2929 973 2992 etiam
994 2929 1091 2992 uelud
1112 2963 1152 2975 -
1169 2947 1227 3014 pro·

86 3027 92 3036 '
150 3014 320 3078 telandum
340 3023 401 3075 rat.
424 3038 467 3062 a.
487 3011 651 3076 Hiberum
671 3049 712 3063 ·-
735 3012 897 3100 (lartajanr
917 3049 960 3062 -
989 3013 1023 3076 in
1045 3015 1185 3076 Varacos
1201 3041 1228 3057 ··

151 3097 310 3163 Arbocala
338 3094 540 3160 Corthorurn
564 3096 661 3160 urbas
683 3133 725 3147 -
761 3097 956 3189 adhortiquo
976 3134 1020 3147 -
1057 3117 1099 3160 ex
1120 3091 1227 3158 vareris

150 3183 270 3270 procul
293 3179 336 3245 T.
357 3215 400 3228 -
440 3176 546 3266 cleph.
578 3192 689 3244 autem
718 3181 819 3268 quod.
852 3181 1009 3268 disponit.
1032 3182 1224 3268 Carpentora-

150 3287 229 3330 rum
249 3302 292 3316 ·-
314 3265 526 3328 Vaxacorutn
546 3265 702 3350 -prius
729 3287 804 3328 nam
826 3275 919 3329 tanto
940 3287 1017 3351 par.
1037 3301 1080 3314 -
1111 3265 1170 3328 Car
1203 3283 1227 3320 tt·

149 3361 242 3414 tanes
263 3385 305 3400 -
335 3347 509 3436 Ilyberum
529 3383 571 3396 -·-
599 3371 627 3411 c.
651 3353 681 3412 6.
704 3287 808 3436 iegati
830 3350 1009 3414 introducti
1032 3373 1050 3414 a
1071 3283 1228 3413 consulis

149 3435 186 3499 in
207 3434 347 3510 curiam,
388 3431 614 3518 aSagnntinis
635 3469 676 3482 --
706 3434 824 3518 quibus
849 3435 876 3496 si
897 3435 940 3496 ita
962 3433 1065 3497 vider.
1087 3467 1129 3483 -
1162 3433 1228 3496 'l'ttttt

151 3517 255 3583 delata
276 3553 318 3566 -
339 3516 545 3581 intenderant
571 3553 605 3567 -—
629 3517 672 3596 Q.
693 3517 809 3580 Fabius
832 3515 1041 3605 Pamphilus,
1073 3518 1148 3604 Sag.
1167 3551 1197 3564 ·-
1211 3533 1227 3570 c·

152 3611 183 3669 7.
211 3601 385 3690 Hyberum
407 3639 449 3655 --
482 3599 623 3663 Oriundi
646 3625 663 3664 a
686 3602 833 3687 Sagunto
854 3637 898 3650 -
955 3601 1068 3665 ericuli
1095 3623 1131 3664 ac
1156 3600 1227 3688 timu

151 3688 196 3751 ris
217 3723 234 3734 ··
254 3723 258 3730 ·
280 3709 309 3748 c.
333 3689 363 3748 8.
385 3683 602 3748 Habun'dabat
621 3720 663 3732 -
695 3685 847 3749 obetnida
866 3623 1066 3750 mutiimoda
1085 3697 1152 3749 arte
1171 3683 1229 3744 dnt-

106 3786 110 3792 '
150 3770 222 3836 nari
238 3805 278 3818 -
299 3769 516 3856 prociderunt
552 3795 565 3815 ι
591 3769 732 3836 consciri
752 3769 875 3835 solent:
897 3770 955 3836 sed
975 3769 1230 3856 junctacucies-

147 3919 348 3936 m

155 4089 157 4096 y
186 4019 213 4083 *)
231 4017 283 4068 Otl.
303 4016 341 4076 ll,
356 4013 383 4069 ¹6.
403 4035 426 4068 v.
446 4015 477 4067 13
494 4033 550 4085 sqq.

186 4141 223 4206 *“)
243 4137 319 4192 Hunc
337 4141 394 4204 cadi
412 4105 559 4195 ntembrau.
577 4141 836 4208 descripsit'Bandl'e
859 4105 1078 4196 in'ttibtiortiicae
1090 4125 1232 4194 &rausa-¹

221 4211 314 4294 staria,
334 4229 413 4279 quam
431 4228 515 4278 nuper
530 4214 572 4263 tir
589 4211 634 4266 illc
650 4213 817 4267 doctissima·
834 4211 926 4270 edidit.
970 4213 1002 4267 G.
1021 4203 1146 4269 Sdebode·

793 4505 808 4540 ν
