<?xml version="1.0" encoding="UTF-8"?>
<!DOCTYPE html PUBLIC "-//W3C//DTD XHTML 1.0 Transitional//EN"
    "http://www.w3.org/TR/xhtml1/DTD/xhtml1-transitional.dtd">
<html xmlns="http://www.w3.org/1999/xhtml" xml:lang="en" lang="en">
 <head>
  <title>
</title>
<meta http-equiv="Content-Type" content="text/html;charset=utf-8" />
  <meta name='ocr-system' content='tesseract 3.04.00' />
  <meta name='ocr-capabilities' content='ocr_page ocr_carea ocr_par ocr_line ocrx_word'/>
</head>
<body>
  <div class='ocr_page' id='page_1' title='image "./miscellaneamaxi01seebgoog_0699.png"; bbox 0 0 2502 4630; ppageno 0'>
   <div class='ocr_carea' id='block_1_1' title="bbox 1022 259 1082 362">
    <p class='ocr_par' dir='ltr' id='par_1_1' title="bbox 1022 259 1082 362">
     <span class='ocr_line' id='line_1_1' title="bbox 1022 259 1082 362; baseline -0.1 -34"><span class='ocrx_word' id='word_1_1' title='bbox 1022 259 1082 362; x_wconf 70' lang='lat' dir='ltr'><strong>roi</strong></span> 
     </span>
    </p>
   </div>
   <div class='ocr_carea' id='block_1_2' title="bbox 8 433 1190 2622">
    <p class='ocr_par' dir='ltr' id='par_1_2' title="bbox 85 433 985 514">
     <span class='ocr_line' id='line_1_2' title="bbox 85 433 985 514; baseline 0.006 -19"><span class='ocrx_word' id='word_1_2' title='bbox 85 435 201 501; x_wconf 72' lang='grc' dir='ltr'><strong><em>Μέλων</em></strong></span> <span class='ocrx_word' id='word_1_3' title='bbox 218 433 276 496; x_wconf 72' lang='grc' dir='ltr'><strong>οὐκ</strong></span> <span class='ocrx_word' id='word_1_4' title='bbox 290 437 414 514; x_wconf 62' lang='lat' dir='ltr'><strong>{fldem</strong></span> <span class='ocrx_word' id='word_1_5' title='bbox 429 433 530 498; x_wconf 72' lang='grc' dir='ltr'><strong><em>καλὸν</em></strong></span> <span class='ocrx_word' id='word_1_6' title='bbox 543 437 662 512; x_wconf 70' lang='grc' dir='ltr'><strong>γλάγος</strong></span> <span class='ocrx_word' id='word_1_7' title='bbox 670 479 680 508; x_wconf 83' lang='grc'><strong><em>,</em></strong></span> <span class='ocrx_word' id='word_1_8' title='bbox 706 437 744 500; x_wconf 78' lang='lat' dir='ltr'><strong>od</strong></span> <span class='ocrx_word' id='word_1_9' title='bbox 756 439 825 512; x_wconf 66' lang='lat' dir='ltr'><strong>pta</strong></span> <span class='ocrx_word' id='word_1_10' title='bbox 844 439 985 514; x_wconf 71' lang='grc' dir='ltr'><strong>σίμβλων.</strong></span> 
     </span>
    </p>

    <p class='ocr_par' dir='ltr' id='par_1_3' title="bbox 82 505 1019 586">
     <span class='ocr_line' id='line_1_3' title="bbox 82 505 1019 586; baseline 0.009 -22"><span class='ocrx_word' id='word_1_11' title='bbox 82 505 239 582; x_wconf 59' lang='grc' dir='ltr'><strong>Κάτθαντν</strong></span> <span class='ocrx_word' id='word_1_12' title='bbox 253 507 287 565; x_wconf 74' lang='grc' dir='ltr'><strong>ἐν</strong></span> <span class='ocrx_word' id='word_1_13' title='bbox 303 511 391 586; x_wconf 76' lang='grc' dir='ltr'><strong><em>νεαρῷ</em></strong></span> <span class='ocrx_word' id='word_1_14' title='bbox 408 507 591 579; x_wconf 71' lang='grc' dir='ltr'><strong><em>λυπούμενον</em></strong></span> <span class='ocrx_word' id='word_1_15' title='bbox 606 532 637 568; x_wconf 87' lang='grc' dir='ltr'><strong>κ.</strong></span> <span class='ocrx_word' id='word_1_16' title='bbox 654 529 678 568; x_wconf 86' lang='grc' dir='ltr'><strong>τ.</strong></span> <span class='ocrx_word' id='word_1_17' title='bbox 699 515 727 567; x_wconf 89' lang='grc' dir='ltr'><strong>λ.</strong></span> <span class='ocrx_word' id='word_1_18' title='bbox 1016 563 1019 572; x_wconf 93' lang='grc'><strong>.</strong></span> 
     </span>
    </p>

    <p class='ocr_par' dir='ltr' id='par_1_4' title="bbox 8 603 1190 2622">
     <span class='ocr_line' id='line_1_4' title="bbox 68 603 1084 694; baseline 0.008 -25"><span class='ocrx_word' id='word_1_19' title='bbox 68 603 154 672; x_wconf 84' lang='lat' dir='ltr'><strong>Alius</strong></span> <span class='ocrx_word' id='word_1_20' title='bbox 176 629 255 674; x_wconf 76' lang='lat' dir='ltr'><strong>vero</strong></span> <span class='ocrx_word' id='word_1_21' title='bbox 281 607 407 694; x_wconf 85' lang='lat' dir='ltr'><strong>generis</strong></span> <span class='ocrx_word' id='word_1_22' title='bbox 430 611 507 671; x_wconf 82' lang='lat' dir='ltr'><strong>sunt</strong></span> <span class='ocrx_word' id='word_1_23' title='bbox 526 606 594 671; x_wconf 84' lang='lat' dir='ltr'><strong>loci</strong></span> <span class='ocrx_word' id='word_1_24' title='bbox 613 605 709 674; x_wconf 87' lang='lat' dir='ltr'><strong>Xeno</strong></span> <span class='ocrx_word' id='word_1_25' title='bbox 736 606 870 688; x_wconf 72' lang='lat' dir='ltr'><strong>lonlei,</strong></span> <span class='ocrx_word' id='word_1_26' title='bbox 912 609 1084 677; x_wconf 87' lang='lat' dir='ltr'><strong>aKoenio</strong></span> 
     </span>
     <span class='ocr_line' id='line_1_5' title="bbox 8 629 1086 776; baseline 0.007 -24"><span class='ocrx_word' id='word_1_27' title='bbox 8 687 30 752; x_wconf 77' lang='lat' dir='ltr'><strong>id</strong></span> <span class='ocrx_word' id='word_1_28' title='bbox 48 691 137 776; x_wconf 85' lang='lat' dir='ltr'><strong>Grag.</strong></span> <span class='ocrx_word' id='word_1_29' title='bbox 154 691 239 756; x_wconf 75' lang='lat' dir='ltr'><strong>Cor.</strong></span> <span class='ocrx_word' id='word_1_30' title='bbox 260 703 292 754; x_wconf 79' lang='lat' dir='ltr'><strong>et</strong></span> <span class='ocrx_word' id='word_1_31' title='bbox 313 690 489 756; x_wconf 84' lang='lat' dir='ltr'><strong>Matthiaeo</strong></span> <span class='ocrx_word' id='word_1_32' title='bbox 515 691 573 760; x_wconf 90' lang='lat' dir='ltr'><strong>Gr.</strong></span> <span class='ocrx_word' id='word_1_33' title='bbox 596 693 654 756; x_wconf 91' lang='lat' dir='ltr'><strong>Gr.</strong></span> <span class='ocrx_word' id='word_1_34' title='bbox 677 629 775 758; x_wconf 69' lang='lat' dir='ltr'><strong>illiti.</strong></span> <span class='ocrx_word' id='word_1_35' title='bbox 816 694 945 758; x_wconf 84' lang='lat' dir='ltr'>Primus</span> <span class='ocrx_word' id='word_1_36' title='bbox 968 715 1086 760; x_wconf 86' lang='lat' dir='ltr'><strong>eorum</strong></span> 
     </span>
     <span class='ocr_line' id='line_1_6' title="bbox 8 771 1089 880; baseline 0.011 -44"><span class='ocrx_word' id='word_1_37' title='bbox 8 773 106 836; x_wconf 83' lang='lat' dir='ltr'><strong>lelleu.</strong></span> <span class='ocrx_word' id='word_1_38' title='bbox 128 773 169 852; x_wconf 86' lang='lat' dir='ltr'><strong>fl,</strong></span> <span class='ocrx_word' id='word_1_39' title='bbox 194 781 275 853; x_wconf 67' lang='grc'><strong>1,.8.</strong></span> <span class='ocrx_word' id='word_1_40' title='bbox 296 775 340 838; x_wconf 84' lang='lat' dir='ltr'><strong>ita</strong></span> <span class='ocrx_word' id='word_1_41' title='bbox 360 773 475 860; x_wconf 65' lang='lat' dir='ltr'><strong>habpt:</strong></span> <span class='ocrx_word' id='word_1_42' title='bbox 494 775 542 840; x_wconf 82' lang='lat' dir='ltr'><strong>‘H</strong></span> <span class='ocrx_word' id='word_1_43' title='bbox 556 779 588 840; x_wconf 80' lang='grc' dir='ltr'><strong>δέ</strong></span> <span class='ocrx_word' id='word_1_44' title='bbox 600 771 674 880; x_wconf 83' lang='grc' dir='ltr'><strong><em>κόρη</em></strong></span> <span class='ocrx_word' id='word_1_45' title='bbox 695 779 760 852; x_wconf 67' lang='lat' dir='ltr'><strong>dael</strong></span> <span class='ocrx_word' id='word_1_46' title='bbox 780 773 963 864; x_wconf 75' lang='grc' dir='ltr'><strong><em>μακρότερον</em></strong></span> <span class='ocrx_word' id='word_1_47' title='bbox 981 775 1000 857; x_wconf 80' lang='grc' dir='ltr'><strong><em>ἢ</em></strong></span> <span class='ocrx_word' id='word_1_48' title='bbox 1020 803 1089 877; x_wconf 58' lang='grc' dir='ltr'><strong>χει-</strong></span> 
     </span>
     <span class='ocr_line' id='line_1_7' title="bbox 8 851 1171 952; baseline 0.007 -32"><span class='ocrx_word' id='word_1_49' title='bbox 8 853 53 936; x_wconf 62' lang='lat' dir='ltr'><strong>te,</strong></span> <span class='ocrx_word' id='word_1_50' title='bbox 73 859 103 922; x_wconf 85' lang='grc' dir='ltr'><strong>έν</strong></span> <span class='ocrx_word' id='word_1_51' title='bbox 127 851 141 878; x_wconf 73' lang='lat'><strong><em>⁹</em></strong></span> <span class='ocrx_word' id='word_1_52' title='bbox 163 853 220 936; x_wconf 72' lang='lat' dir='ltr'><strong>tria</strong></span> <span class='ocrx_word' id='word_1_53' title='bbox 239 861 325 944; x_wconf 76' lang='grc' dir='ltr'><strong><em>χεῖρα</em></strong></span> <span class='ocrx_word' id='word_1_54' title='bbox 346 858 423 944; x_wconf 81' lang='grc' dir='ltr'><strong><em>ἔχων</em></strong></span> <span class='ocrx_word' id='word_1_55' title='bbox 444 855 530 923; x_wconf 76' lang='grc' dir='ltr'><strong><em>οὐδὲν</em></strong></span> <span class='ocrx_word' id='word_1_56' title='bbox 552 857 589 924; x_wconf 73' lang='grc' dir='ltr'><strong>ἂν</strong></span> <span class='ocrx_word' id='word_1_57' title='bbox 611 865 732 925; x_wconf 77' lang='lat' dir='ltr'><strong>deiecto</strong></span> <span class='ocrx_word' id='word_1_58' title='bbox 753 863 888 941; x_wconf 77' lang='grc' dir='ltr'><strong>ποιῆσαν.</strong></span> <span class='ocrx_word' id='word_1_59' title='bbox 932 863 1083 952; x_wconf 65' lang='lat' dir='ltr'><strong>Hiougi7·</strong></span> <span class='ocrx_word' id='word_1_60' title='bbox 1166 909 1171 916; x_wconf 90' lang='lat'>-</span> 
     </span>
     <span class='ocr_line' id='line_1_8' title="bbox 9 884 1115 1032; baseline 0.007 -28"><span class='ocrx_word' id='word_1_61' title='bbox 9 948 42 1004; x_wconf 64' lang='lat' dir='ltr'><strong>in*</strong></span> <span class='ocrx_word' id='word_1_62' title='bbox 63 884 159 1006; x_wconf 68' lang='lat' dir='ltr'><strong>verda</strong></span> <span class='ocrx_word' id='word_1_63' title='bbox 185 939 205 1020; x_wconf 81' lang='grc' dir='ltr'><em>ἢ</em></span> <span class='ocrx_word' id='word_1_64' title='bbox 225 938 323 1029; x_wconf 78' lang='grc' dir='ltr'><strong><em>χἐιρός</em></strong></span> <span class='ocrx_word' id='word_1_65' title='bbox 354 941 567 1008; x_wconf 86' lang='lat' dir='ltr'><strong>multifariam</strong></span> <span class='ocrx_word' id='word_1_66' title='bbox 598 943 636 1008; x_wconf 87' lang='lat' dir='ltr'><strong>ab</strong></span> <span class='ocrx_word' id='word_1_67' title='bbox 658 946 890 1032; x_wconf 75' lang='lat' dir='ltr'>interpretibus</span> <span class='ocrx_word' id='word_1_68' title='bbox 911 958 1032 1012; x_wconf 82' lang='lat' dir='ltr'><strong>tentata</strong></span> <span class='ocrx_word' id='word_1_69' title='bbox 1050 955 1086 1012; x_wconf 85' lang='lat' dir='ltr'><strong>et</strong></span> <span class='ocrx_word' id='word_1_70' title='bbox 1111 1014 1115 1029; x_wconf 51' lang='grc'><strong>,</strong></span> 
     </span>
     <span class='ocr_line' id='line_1_9' title="bbox 8 1027 1084 1116; baseline 0.008 -28"><span class='ocrx_word' id='word_1_71' title='bbox 8 1035 95 1090; x_wconf 66' lang='lat' dir='ltr'><strong>taxata</strong></span> <span class='ocrx_word' id='word_1_72' title='bbox 115 1035 210 1106; x_wconf 83' lang='lat' dir='ltr'><strong>sunt,</strong></span> <span class='ocrx_word' id='word_1_73' title='bbox 244 1027 394 1092; x_wconf 84' lang='lat' dir='ltr'><strong>Brodaeo</strong></span> <span class='ocrx_word' id='word_1_74' title='bbox 411 1027 552 1115; x_wconf 86' lang='lat' dir='ltr'><strong>&#39;quidem</strong></span> <span class='ocrx_word' id='word_1_75' title='bbox 574 1029 774 1116; x_wconf 85' lang='lat' dir='ltr'><strong>conjiciente·</strong></span> <span class='ocrx_word' id='word_1_76' title='bbox 789 1031 844 1109; x_wconf 74' lang='grc' dir='ltr'><strong>τῆς</strong></span> <span class='ocrx_word' id='word_1_77' title='bbox 864 1027 978 1116; x_wconf 66' lang='grc' dir='ltr'><strong><em>χειρός,</em></strong></span> <span class='ocrx_word' id='word_1_78' title='bbox 1008 1033 1084 1098; x_wconf 89' lang='lat' dir='ltr'><strong>Ste-</strong></span> 
     </span>
     <span class='ocr_line' id='line_1_10' title="bbox 8 1107 1082 1200; baseline 0.012 -29"><span class='ocrx_word' id='word_1_79' title='bbox 8 1107 91 1172; x_wconf 78' lang='lat' dir='ltr'><strong>ihano</strong></span> <span class='ocrx_word' id='word_1_80' title='bbox 113 1133 192 1176; x_wconf 88' lang='lat' dir='ltr'><strong>vero</strong></span> <span class='ocrx_word' id='word_1_81' title='bbox 216 1119 247 1175; x_wconf 85' lang='lat' dir='ltr'><strong>et</strong></span> <span class='ocrx_word' id='word_1_82' title='bbox 265 1111 420 1186; x_wconf 74' lang='lat' dir='ltr'><strong>Weiskio</strong></span> <span class='ocrx_word' id='word_1_83' title='bbox 441 1109 460 1189; x_wconf 77' lang='grc' dir='ltr'><em>ἢ</em></span> <span class='ocrx_word' id='word_1_84' title='bbox 481 1114 587 1198; x_wconf 77' lang='grc' dir='ltr'><strong><em>ηειρίς,</em></strong></span> <span class='ocrx_word' id='word_1_85' title='bbox 607 1113 708 1179; x_wconf 89' lang='lat' dir='ltr'><strong>Porto</strong></span> <span class='ocrx_word' id='word_1_86' title='bbox 729 1117 864 1200; x_wconf 75' lang='grc' dir='ltr'><strong><em>χειρλδος,</em></strong></span> <span class='ocrx_word' id='word_1_87' title='bbox 884 1115 1082 1184; x_wconf 85' lang='lat' dir='ltr'><strong>Leunclavio</strong></span> 
     </span>
     <span class='ocr_line' id='line_1_11' title="bbox 8 1179 1084 1286; baseline 0.007 -30"><span class='ocrx_word' id='word_1_88' title='bbox 8 1193 113 1258; x_wconf 89' lang='lat' dir='ltr'><strong>olleute</strong></span> <span class='ocrx_word' id='word_1_89' title='bbox 135 1191 172 1276; x_wconf 84' lang='grc' dir='ltr'><strong>ἢ,-</strong></span> <span class='ocrx_word' id='word_1_90' title='bbox 212 1193 393 1260; x_wconf 79' lang='lat' dir='ltr'><strong>Abresohio</strong></span> <span class='ocrx_word' id='word_1_91' title='bbox 424 1206 457 1261; x_wconf 87' lang='lat' dir='ltr'><strong>et</strong></span> <span class='ocrx_word' id='word_1_92' title='bbox 485 1179 683 1268; x_wconf 80' lang='lat' dir='ltr'><strong>Schneidero</strong></span> <span class='ocrx_word' id='word_1_93' title='bbox 707 1197 974 1264; x_wconf 66' lang='lat' dir='ltr'>subaudientibus</span> <span class='ocrx_word' id='word_1_94' title='bbox 1004 1201 1084 1286; x_wconf 60' lang='grc' dir='ltr'><strong>χρῆέ</strong></span> 
     </span>
     <span class='ocr_line' id='line_1_12' title="bbox 8 1277 1081 1366; baseline 0.012 -27"><span class='ocrx_word' id='word_1_95' title='bbox 8 1305 42 1354; x_wconf 80' lang='grc' dir='ltr'><strong>ια,</strong></span> <span class='ocrx_word' id='word_1_96' title='bbox 59 1277 137 1343; x_wconf 86' lang='lat' dir='ltr'><strong>Viro</strong></span> <span class='ocrx_word' id='word_1_97' title='bbox 164 1279 305 1366; x_wconf 86' lang='lat' dir='ltr'><strong>denique</strong></span> <span class='ocrx_word' id='word_1_98' title='bbox 326 1281 426 1344; x_wconf 88' lang='lat' dir='ltr'><strong>docto</strong></span> <span class='ocrx_word' id='word_1_99' title='bbox 455 1281 490 1344; x_wconf 89' lang='lat' dir='ltr'><strong>in</strong></span> <span class='ocrx_word' id='word_1_100' title='bbox 515 1279 609 1346; x_wconf 81' lang='lat' dir='ltr'><strong>Misc.</strong></span> <span class='ocrx_word' id='word_1_101' title='bbox 633 1281 713 1346; x_wconf 90' lang='lat' dir='ltr'><strong>Obs.</strong></span> <span class='ocrx_word' id='word_1_102' title='bbox 740 1281 764 1346; x_wconf 92' lang='lat' dir='ltr'><strong>l.</strong></span> <span class='ocrx_word' id='word_1_103' title='bbox 786 1281 808 1350; x_wconf 92' lang='lat' dir='ltr'><strong>l.</strong></span> <span class='ocrx_word' id='word_1_104' title='bbox 832 1291 864 1349; x_wconf 87' lang='lat' dir='ltr'><strong>et</strong></span> <span class='ocrx_word' id='word_1_105' title='bbox 885 1283 1020 1348; x_wconf 84' lang='lat' dir='ltr'><strong>Koenio</strong></span> <span class='ocrx_word' id='word_1_106' title='bbox 1044 1309 1081 1352; x_wconf 84' lang='lat' dir='ltr'><strong>ea</strong></span> 
     </span>
     <span class='ocr_line' id='line_1_13' title="bbox 8 1359 1084 1442; baseline 0.01 -20"><span class='ocrx_word' id='word_1_107' title='bbox 8 1359 163 1426; x_wconf 73' lang='lat' dir='ltr'><strong>»leonasmi</strong></span> <span class='ocrx_word' id='word_1_108' title='bbox 194 1363 330 1429; x_wconf 81' lang='lat' dir='ltr'><strong>voculae</strong></span> <span class='ocrx_word' id='word_1_109' title='bbox 351 1361 370 1442; x_wconf 80' lang='grc' dir='ltr'><strong><em>ἧ</em></strong></span> <span class='ocrx_word' id='word_1_110' title='bbox 391 1363 516 1428; x_wconf 83' lang='lat' dir='ltr'><strong>auxilio</strong></span> <span class='ocrx_word' id='word_1_111' title='bbox 542 1365 719 1428; x_wconf 66' lang='lat' dir='ltr'><strong>tuentibus:</strong></span> <span class='ocrx_word' id='word_1_112' title='bbox 770 1366 834 1430; x_wconf 86' lang='lat' dir='ltr'><strong>Sed</strong></span> <span class='ocrx_word' id='word_1_113' title='bbox 856 1368 1011 1432; x_wconf 91' lang='lat' dir='ltr'><strong>omnibus</strong></span> <span class='ocrx_word' id='word_1_114' title='bbox 1031 1363 1084 1434; x_wconf 81' lang='lat' dir='ltr'><strong>hia</strong></span> 
     </span>
     <span class='ocr_line' id='line_1_14' title="bbox 8 1445 1085 1534; baseline 0.009 -26"><span class='ocrx_word' id='word_1_115' title='bbox 8 1445 206 1516; x_wconf 83' lang='lat' dir='ltr'><strong>noliminibue</strong></span> <span class='ocrx_word' id='word_1_116' title='bbox 243 1469 328 1534; x_wconf 90' lang='lat' dir='ltr'><strong>opus</strong></span> <span class='ocrx_word' id='word_1_117' title='bbox 362 1470 432 1513; x_wconf 92' lang='lat' dir='ltr'><strong>non</strong></span> <span class='ocrx_word' id='word_1_118' title='bbox 464 1459 530 1526; x_wconf 71' lang='lat' dir='ltr'><strong>ert,</strong></span> <span class='ocrx_word' id='word_1_119' title='bbox 577 1447 763 1514; x_wconf 87' lang='lat' dir='ltr'><strong>dummodo</strong></span> <span class='ocrx_word' id='word_1_120' title='bbox 800 1449 866 1530; x_wconf 84' lang='lat' dir='ltr'><strong>loci</strong></span> <span class='ocrx_word' id='word_1_121' title='bbox 902 1473 1015 1516; x_wconf 78' lang='lat' dir='ltr'><strong>sensus</strong></span> <span class='ocrx_word' id='word_1_122' title='bbox 1052 1461 1085 1518; x_wconf 89' lang='lat' dir='ltr'><strong>et</strong></span> 
     </span>
     <span class='ocr_line' id='line_1_15' title="bbox 8 1529 1136 1622; baseline 0.011 -32"><span class='ocrx_word' id='word_1_123' title='bbox 8 1539 140 1596; x_wconf 82' lang='lat' dir='ltr'><strong>tractura</strong></span> <span class='ocrx_word' id='word_1_124' title='bbox 160 1533 340 1596; x_wconf 78' lang='lat' dir='ltr'><strong>accuratius</strong></span> <span class='ocrx_word' id='word_1_125' title='bbox 364 1529 568 1620; x_wconf 83' lang='lat' dir='ltr'><strong>exploretur.</strong></span> <span class='ocrx_word' id='word_1_126' title='bbox 617 1533 779 1618; x_wconf 85' lang='lat' dir='ltr'><strong>Equidem</strong></span> <span class='ocrx_word' id='word_1_127' title='bbox 811 1532 904 1622; x_wconf 71' lang='lat' dir='ltr'><strong>facile</strong></span> <span class='ocrx_word' id='word_1_128' title='bbox 927 1537 1083 1620; x_wconf 83' lang='lat' dir='ltr'><strong>concedo,</strong></span> <span class='ocrx_word' id='word_1_129' title='bbox 1134 1534 1136 1542; x_wconf 71' lang='grc'><em>’</em></span> 
     </span>
     <span class='ocr_line' id='line_1_16' title="bbox 8 1611 1084 1706; baseline 0.009 -31"><span class='ocrx_word' id='word_1_130' title='bbox 8 1624 101 1680; x_wconf 76' lang='lat' dir='ltr'><strong>tutata</strong></span> <span class='ocrx_word' id='word_1_131' title='bbox 122 1611 286 1680; x_wconf 82' lang='lat' dir='ltr'><strong>structura</strong></span> <span class='ocrx_word' id='word_1_132' title='bbox 305 1617 340 1680; x_wconf 94' lang='lat' dir='ltr'><strong>in</strong></span> <span class='ocrx_word' id='word_1_133' title='bbox 358 1613 410 1690; x_wconf 88' lang='lat' dir='ltr'><strong>his</strong></span> <span class='ocrx_word' id='word_1_134' title='bbox 434 1616 541 1682; x_wconf 81' lang='lat' dir='ltr'><strong>verbis</strong></span> <span class='ocrx_word' id='word_1_135' title='bbox 561 1617 756 1702; x_wconf 72' lang='lat' dir='ltr'><strong>pauculam</strong></span> <span class='ocrx_word' id='word_1_136' title='bbox 777 1613 797 1694; x_wconf 81' lang='grc' dir='ltr'><strong><em>ἦ</em></strong></span> <span class='ocrx_word' id='word_1_137' title='bbox 820 1619 930 1684; x_wconf 90' lang='lat' dir='ltr'><strong>omitti</strong></span> <span class='ocrx_word' id='word_1_138' title='bbox 949 1623 1084 1706; x_wconf 82' lang='lat' dir='ltr'><strong>potuis-</strong></span> 
     </span>
     <span class='ocr_line' id='line_1_17' title="bbox 9 1699 1084 1791; baseline 0.011 -31"><span class='ocrx_word' id='word_1_139' title='bbox 9 1719 33 1776; x_wconf 66' lang='grc' dir='ltr'><strong>ος</strong></span> <span class='ocrx_word' id='word_1_140' title='bbox 54 1699 140 1766; x_wconf 88' lang='lat' dir='ltr'><strong>idem</strong></span> <span class='ocrx_word' id='word_1_141' title='bbox 158 1711 270 1766; x_wconf 87' lang='lat' dir='ltr'><strong>tamen</strong></span> <span class='ocrx_word' id='word_1_142' title='bbox 291 1721 401 1788; x_wconf 83' lang='lat' dir='ltr'><strong>nego,</strong></span> <span class='ocrx_word' id='word_1_143' title='bbox 424 1723 495 1764; x_wconf 86' lang='lat' dir='ltr'><strong>eam</strong></span> <span class='ocrx_word' id='word_1_144' title='bbox 521 1699 685 1766; x_wconf 87' lang='lat' dir='ltr'><strong>abundare</strong></span> <span class='ocrx_word' id='word_1_145' title='bbox 706 1711 738 1766; x_wconf 91' lang='lat' dir='ltr'><strong>ot</strong></span> <span class='ocrx_word' id='word_1_146' title='bbox 788 1724 902 1771; x_wconf 85' lang='lat' dir='ltr'><strong>rorsus</strong></span> <span class='ocrx_word' id='word_1_147' title='bbox 922 1725 1084 1791; x_wconf 83' lang='lat' dir='ltr'><strong>superva-</strong></span> 
     </span>
     <span class='ocr_line' id='line_1_18' title="bbox 8 1724 1190 1873; baseline 0.01 -29"><span class='ocrx_word' id='word_1_148' title='bbox 8 1787 223 1852; x_wconf 67' lang='lat' dir='ltr'><strong>:annumerem</strong></span> <span class='ocrx_word' id='word_1_149' title='bbox 277 1783 364 1850; x_wconf 84' lang='lat' dir='ltr'><strong>Nam</strong></span> <span class='ocrx_word' id='word_1_150' title='bbox 392 1783 456 1850; x_wconf 85' lang='lat' dir='ltr'><strong>uisi</strong></span> <span class='ocrx_word' id='word_1_151' title='bbox 485 1783 697 1850; x_wconf 87' lang='lat' dir='ltr'><strong>vehementer</strong></span> <span class='ocrx_word' id='word_1_152' title='bbox 726 1724 843 1866; x_wconf 76' lang='lat' dir='ltr'><strong>fallor,</strong></span> <span class='ocrx_word' id='word_1_153' title='bbox 883 1809 991 1873; x_wconf 84' lang='lat' dir='ltr'><strong>nequa</strong></span> <span class='ocrx_word' id='word_1_154' title='bbox 1017 1787 1084 1856; x_wconf 79' lang='lat' dir='ltr'><strong>hoe</strong></span> <span class='ocrx_word' id='word_1_155' title='bbox 1177 1801 1190 1816; x_wconf 90' lang='lat'><em>&#39;</em></span> 
     </span>
     <span class='ocr_line' id='line_1_19' title="bbox 8 1863 1083 1958; baseline 0.01 -28"><span class='ocrx_word' id='word_1_156' title='bbox 8 1889 55 1930; x_wconf 85' lang='lat' dir='ltr'><strong>oco</strong></span> <span class='ocrx_word' id='word_1_157' title='bbox 82 1869 244 1956; x_wconf 78' lang='lat' dir='ltr'><strong>genitivus</strong></span> <span class='ocrx_word' id='word_1_158' title='bbox 264 1863 362 1954; x_wconf 78' lang='grc' dir='ltr'><strong><em>χειρός</em></strong></span> <span class='ocrx_word' id='word_1_159' title='bbox 382 1892 400 1934; x_wconf 87' lang='lat' dir='ltr'><strong>a</strong></span> <span class='ocrx_word' id='word_1_160' title='bbox 421 1871 647 1954; x_wconf 78' lang='lat' dir='ltr'><strong>comparativo</strong></span> <span class='ocrx_word' id='word_1_161' title='bbox 666 1865 852 1956; x_wconf 78' lang='grc' dir='ltr'><strong><em>μακρότερον</em></strong></span> <span class='ocrx_word' id='word_1_162' title='bbox 872 1873 1003 1958; x_wconf 78' lang='lat' dir='ltr'><strong>pendet,</strong></span> <span class='ocrx_word' id='word_1_163' title='bbox 1025 1873 1083 1942; x_wconf 84' lang='lat' dir='ltr'><strong>aed</strong></span> 
     </span>
     <span class='ocr_line' id='line_1_20' title="bbox 8 1953 1084 2042; baseline 0.011 -30"><span class='ocrx_word' id='word_1_164' title='bbox 8 1973 45 2014; x_wconf 78' lang='lat' dir='ltr'><strong>ier</strong></span> <span class='ocrx_word' id='word_1_165' title='bbox 67 1975 100 2018; x_wconf 90' lang='lat' dir='ltr'><strong>se</strong></span> <span class='ocrx_word' id='word_1_166' title='bbox 120 1953 253 2042; x_wconf 85' lang='lat' dir='ltr'><strong>positus</strong></span> <span class='ocrx_word' id='word_1_167' title='bbox 284 1964 349 2034; x_wconf 83' lang='lat' dir='ltr'><strong>est,</strong></span> <span class='ocrx_word' id='word_1_168' title='bbox 391 1964 424 2018; x_wconf 88' lang='lat' dir='ltr'><strong>et</strong></span> <span class='ocrx_word' id='word_1_169' title='bbox 456 1961 606 2018; x_wconf 84' lang='lat' dir='ltr'><strong>universe</strong></span> <span class='ocrx_word' id='word_1_170' title='bbox 634 1954 777 2018; x_wconf 88' lang='lat' dir='ltr'><strong>modum</strong></span> <span class='ocrx_word' id='word_1_171' title='bbox 804 1955 873 2020; x_wconf 76' lang='lat' dir='ltr'><strong>sive</strong></span> <span class='ocrx_word' id='word_1_172' title='bbox 893 1979 1084 2024; x_wconf 84' lang='lat' dir='ltr'><strong>mensuram</strong></span> 
     </span>
     <span class='ocr_line' id='line_1_21' title="bbox 8 2031 1109 2124; baseline 0.006 -26"><span class='ocrx_word' id='word_1_173' title='bbox 8 2035 127 2116; x_wconf 74' lang='lat' dir='ltr'><strong>tenuat,</strong></span> <span class='ocrx_word' id='word_1_174' title='bbox 150 2037 245 2124; x_wconf 79' lang='lat' dir='ltr'><strong>quasi</strong></span> <span class='ocrx_word' id='word_1_175' title='bbox 264 2037 390 2102; x_wconf 82' lang='lat' dir='ltr'><strong>dictum</strong></span> <span class='ocrx_word' id='word_1_176' title='bbox 404 2047 493 2102; x_wconf 76' lang='lat' dir='ltr'><strong>esset</strong></span> <span class='ocrx_word' id='word_1_177' title='bbox 513 2033 533 2115; x_wconf 78' lang='grc' dir='ltr'><strong><em>ἢ</em></strong></span> <span class='ocrx_word' id='word_1_178' title='bbox 556 2031 632 2102; x_wconf 68' lang='lat' dir='ltr'><strong>aare?</strong></span> <span class='ocrx_word' id='word_1_179' title='bbox 653 2041 749 2122; x_wconf 76' lang='grc' dir='ltr'><strong><em>χεῖρα.</em></strong></span> <span class='ocrx_word' id='word_1_180' title='bbox 789 2037 869 2104; x_wconf 86' lang='lat' dir='ltr'><strong>Non</strong></span> <span class='ocrx_word' id='word_1_181' title='bbox 888 2041 976 2104; x_wconf 88' lang='lat' dir='ltr'><strong>euim</strong></span> <span class='ocrx_word' id='word_1_182' title='bbox 997 2042 1083 2105; x_wconf 85' lang='lat' dir='ltr'><strong>sim-</strong></span> <span class='ocrx_word' id='word_1_183' title='bbox 1106 2073 1109 2078; x_wconf 95' lang='lat'>·</span> 
     </span>
     <span class='ocr_line' id='line_1_22' title="bbox 8 2115 1084 2209; baseline 0.012 -31"><span class='ocrx_word' id='word_1_184' title='bbox 8 2115 103 2186; x_wconf 83' lang='lat' dir='ltr'><strong>liciter</strong></span> <span class='ocrx_word' id='word_1_185' title='bbox 123 2117 198 2202; x_wconf 79' lang='grc' dir='ltr'><strong><em>κόρη</em></strong></span> <span class='ocrx_word' id='word_1_186' title='bbox 219 2121 274 2185; x_wconf 84' lang='lat' dir='ltr'><strong>illa</strong></span> <span class='ocrx_word' id='word_1_187' title='bbox 296 2132 507 2208; x_wconf 81' lang='lat' dir='ltr'><strong>comparatur</strong></span> <span class='ocrx_word' id='word_1_188' title='bbox 528 2143 604 2185; x_wconf 84' lang='lat' dir='ltr'><strong>oum</strong></span> <span class='ocrx_word' id='word_1_189' title='bbox 626 2145 746 2202; x_wconf 80' lang='lat' dir='ltr'><strong>mann,</strong></span> <span class='ocrx_word' id='word_1_190' title='bbox 777 2133 812 2186; x_wconf 90' lang='lat' dir='ltr'><strong>ut</strong></span> <span class='ocrx_word' id='word_1_191' title='bbox 833 2123 968 2204; x_wconf 80' lang='lat' dir='ltr'><strong>dicatur,</strong></span> <span class='ocrx_word' id='word_1_192' title='bbox 992 2120 1084 2209; x_wconf 82' lang='grc' dir='ltr'><strong><em>κόρην</em></strong></span> 
     </span>
     <span class='ocr_line' id='line_1_23' title="bbox 8 2201 1084 2296; baseline 0.007 -28"><span class='ocrx_word' id='word_1_193' title='bbox 8 2227 76 2268; x_wconf 86' lang='lat' dir='ltr'><strong>aeon</strong></span> <span class='ocrx_word' id='word_1_194' title='bbox 95 2204 285 2296; x_wconf 85' lang='lat' dir='ltr'><strong>longiorem</strong></span> <span class='ocrx_word' id='word_1_195' title='bbox 307 2229 390 2282; x_wconf 83' lang='lat' dir='ltr'><strong>esse,</strong></span> <span class='ocrx_word' id='word_1_196' title='bbox 420 2205 477 2272; x_wconf 90' lang='lat' dir='ltr'><strong>sed</strong></span> <span class='ocrx_word' id='word_1_197' title='bbox 499 2227 611 2270; x_wconf 87' lang='lat' dir='ltr'><strong>sensus</strong></span> <span class='ocrx_word' id='word_1_198' title='bbox 634 2215 704 2270; x_wconf 84' lang='lat' dir='ltr'><strong>est:</strong></span> <span class='ocrx_word' id='word_1_199' title='bbox 746 2201 820 2292; x_wconf 87' lang='grc' dir='ltr'><strong><em>κόρη</em></strong></span> <span class='ocrx_word' id='word_1_200' title='bbox 841 2205 926 2272; x_wconf 80' lang='lat' dir='ltr'><strong>ultra</strong></span> <span class='ocrx_word' id='word_1_201' title='bbox 946 2231 1084 2276; x_wconf 89' lang='lat' dir='ltr'><strong>manum</strong></span> 
     </span>
     <span class='ocr_line' id='line_1_24' title="bbox 8 2286 1150 2378; baseline 0.007 -26"><span class='ocrx_word' id='word_1_202' title='bbox 8 2286 201 2371; x_wconf 73' lang='lat' dir='ltr'><strong>intenditur,</strong></span> <span class='ocrx_word' id='word_1_203' title='bbox 230 2313 301 2355; x_wconf 89' lang='lat' dir='ltr'><strong>non</strong></span> <span class='ocrx_word' id='word_1_204' title='bbox 320 2290 424 2355; x_wconf 89' lang='lat' dir='ltr'><strong>modo</strong></span> <span class='ocrx_word' id='word_1_205' title='bbox 446 2312 584 2354; x_wconf 88' lang='lat' dir='ltr'><strong>manum</strong></span> <span class='ocrx_word' id='word_1_206' title='bbox 606 2289 771 2378; x_wconf 83' lang='lat' dir='ltr'><strong>contegit,</strong></span> <span class='ocrx_word' id='word_1_207' title='bbox 801 2289 858 2376; x_wconf 85' lang='lat' dir='ltr'><strong>sed</strong></span> <span class='ocrx_word' id='word_1_208' title='bbox 880 2292 978 2356; x_wconf 86' lang='lat' dir='ltr'><strong>etiam</strong></span> <span class='ocrx_word' id='word_1_209' title='bbox 999 2293 1084 2360; x_wconf 87' lang='lat' dir='ltr'><strong>ultra</strong></span> <span class='ocrx_word' id='word_1_210' title='bbox 1149 2313 1150 2316; x_wconf 74' lang='grc'>’</span> 
     </span>
     <span class='ocr_line' id='line_1_25' title="bbox 8 2373 1168 2463; baseline 0.009 -26"><span class='ocrx_word' id='word_1_211' title='bbox 8 2395 51 2437; x_wconf 85' lang='lat' dir='ltr'><strong>am</strong></span> <span class='ocrx_word' id='word_1_212' title='bbox 69 2375 194 2462; x_wconf 86' lang='lat' dir='ltr'><strong>prodit.</strong></span> <span class='ocrx_word' id='word_1_213' title='bbox 231 2374 433 2461; x_wconf 82' lang='lat' dir='ltr'><strong>Quanquam</strong></span> <span class='ocrx_word' id='word_1_214' title='bbox 454 2373 539 2440; x_wconf 88' lang='lat' dir='ltr'><strong>mihi</strong></span> <span class='ocrx_word' id='word_1_215' title='bbox 561 2373 699 2442; x_wconf 79' lang='lat' dir='ltr'><strong>dubium</strong></span> <span class='ocrx_word' id='word_1_216' title='bbox 720 2385 882 2454; x_wconf 81' lang='lat' dir='ltr'><strong>nonest,</strong></span> <span class='ocrx_word' id='word_1_217' title='bbox 925 2379 1005 2463; x_wconf 89' lang='lat' dir='ltr'><strong>quin</strong></span> <span class='ocrx_word' id='word_1_218' title='bbox 1026 2401 1080 2443; x_wconf 86' lang='lat' dir='ltr'><strong>re·</strong></span> <span class='ocrx_word' id='word_1_219' title='bbox 1163 2441 1168 2447; x_wconf 93' lang='lat'><strong>.</strong></span> 
     </span>
     <span class='ocr_line' id='line_1_26' title="bbox 8 2454 1083 2550; baseline 0.007 -30"><span class='ocrx_word' id='word_1_220' title='bbox 8 2457 117 2524; x_wconf 76' lang='lat' dir='ltr'><strong>tissime</strong></span> <span class='ocrx_word' id='word_1_221' title='bbox 138 2461 237 2524; x_wconf 82' lang='lat' dir='ltr'><strong>etiam</strong></span> <span class='ocrx_word' id='word_1_222' title='bbox 260 2459 386 2522; x_wconf 84' lang='lat' dir='ltr'><strong>dicatur</strong></span> <span class='ocrx_word' id='word_1_223' title='bbox 403 2455 519 2542; x_wconf 76' lang='grc' dir='ltr'><strong><em>μακρόν</em></strong></span> <span class='ocrx_word' id='word_1_224' title='bbox 539 2462 593 2540; x_wconf 83' lang='grc' dir='ltr'><strong>μέν</strong></span> <span class='ocrx_word' id='word_1_225' title='bbox 615 2462 680 2524; x_wconf 78' lang='grc' dir='ltr'><strong><em>ἐστι</em></strong></span> <span class='ocrx_word' id='word_1_226' title='bbox 710 2461 798 2525; x_wconf 80' lang='grc' dir='ltr'><strong><em>τοῦτο</em></strong></span> <span class='ocrx_word' id='word_1_227' title='bbox 829 2454 943 2548; x_wconf 81' lang='grc' dir='ltr'><strong><em>χειρός,</em></strong></span> <span class='ocrx_word' id='word_1_228' title='bbox 986 2462 1083 2550; x_wconf 85' lang='lat' dir='ltr'><strong>plane</strong></span> 
     </span>
     <span class='ocr_line' id='line_1_27' title="bbox 8 2540 1082 2622; baseline 0.007 -18"><span class='ocrx_word' id='word_1_229' title='bbox 8 2551 21 2604; x_wconf 73' lang='lat' dir='ltr'><strong>‚t</strong></span> <span class='ocrx_word' id='word_1_230' title='bbox 37 2565 93 2608; x_wconf 82' lang='lat' dir='ltr'><strong>uos</strong></span> <span class='ocrx_word' id='word_1_231' title='bbox 117 2540 274 2622; x_wconf 86' lang='lat' dir='ltr'><strong>dicimus,</strong></span> <span class='ocrx_word' id='word_1_232' title='bbox 302 2546 389 2607; x_wconf 84' lang='lat' dir='ltr'><strong>eines</strong></span> <span class='ocrx_word' id='word_1_233' title='bbox 410 2543 527 2610; x_wconf 84' lang='lat' dir='ltr'><strong>Fusses</strong></span> <span class='ocrx_word' id='word_1_234' title='bbox 550 2542 653 2622; x_wconf 85' lang='lat' dir='ltr'><strong>breit,</strong></span> <span class='ocrx_word' id='word_1_235' title='bbox 686 2544 776 2608; x_wconf 80' lang='lat' dir='ltr'><strong>einer</strong></span> <span class='ocrx_word' id='word_1_236' title='bbox 800 2545 895 2613; x_wconf 88' lang='lat' dir='ltr'><strong>Hand</strong></span> <span class='ocrx_word' id='word_1_237' title='bbox 917 2545 1017 2610; x_wconf 82' lang='lat' dir='ltr'><strong>broit:</strong></span> <span class='ocrx_word' id='word_1_238' title='bbox 1045 2557 1082 2612; x_wconf 92' lang='lat' dir='ltr'><strong>ut</strong></span> 
     </span>
    </p>
   </div>
   <div class='ocr_carea' id='block_1_3' title="bbox 8 2623 1186 2707">
    <p class='ocr_par' dir='ltr' id='par_1_5' title="bbox 8 2623 1186 2707">
     <span class='ocr_line' id='line_1_28' title="bbox 8 2623 1186 2707; baseline 0.008 -18"><span class='ocrx_word' id='word_1_239' title='bbox 8 2627 92 2692; x_wconf 74' lang='lat' dir='ltr'><strong>tum.</strong></span> <span class='ocrx_word' id='word_1_240' title='bbox 118 2627 288 2704; x_wconf 82' lang='lat' dir='ltr'>XXXIX,</span> <span class='ocrx_word' id='word_1_241' title='bbox 322 2633 351 2694; x_wconf 88' lang='lat'><strong>6.</strong></span> <span class='ocrx_word' id='word_1_242' title='bbox 395 2649 439 2692; x_wconf 82' lang='lat' dir='ltr'><strong>ex</strong></span> <span class='ocrx_word' id='word_1_243' title='bbox 472 2629 626 2692; x_wconf 74' lang='lat' dir='ltr'><strong>uersiono</strong></span> <span class='ocrx_word' id='word_1_244' title='bbox 651 2629 802 2694; x_wconf 83' lang='lat' dir='ltr'><strong>Lutheri:</strong></span> <span class='ocrx_word' id='word_1_245' title='bbox 847 2627 943 2694; x_wconf 88' lang='lat' dir='ltr'><strong>Siehe</strong></span> <span class='ocrx_word' id='word_1_246' title='bbox 974 2623 1082 2698; x_wconf 75' lang='lat' dir='ltr'><strong>meino</strong></span> <span class='ocrx_word' id='word_1_247' title='bbox 1179 2681 1186 2707; x_wconf 53' lang='lat'><em>1</em></span> 
     </span>
    </p>
   </div>
   <div class='ocr_carea' id='block_1_4' title="bbox 8 2709 1083 2806">
    <p class='ocr_par' dir='ltr' id='par_1_6' title="bbox 8 2709 1083 2806">
     <span class='ocr_line' id='line_1_29' title="bbox 8 2709 1083 2806; baseline 0.007 -34"><span class='ocrx_word' id='word_1_248' title='bbox 8 2709 66 2806; x_wconf 65' lang='lat' dir='ltr'><strong>Tage</strong></span> <span class='ocrx_word' id='word_1_249' title='bbox 87 2713 163 2776; x_wconf 82' lang='lat' dir='ltr'><strong>sind</strong></span> <span class='ocrx_word' id='word_1_250' title='bbox 185 2711 274 2778; x_wconf 90' lang='lat' dir='ltr'><strong>einer</strong></span> <span class='ocrx_word' id='word_1_251' title='bbox 294 2710 390 2776; x_wconf 87' lang='lat' dir='ltr'><strong>Hand</strong></span> <span class='ocrx_word' id='word_1_252' title='bbox 413 2709 500 2776; x_wconf 87' lang='lat' dir='ltr'><strong>breit</strong></span> <span class='ocrx_word' id='word_1_253' title='bbox 519 2713 584 2798; x_wconf 77' lang='lat' dir='ltr'><strong>bey</strong></span> <span class='ocrx_word' id='word_1_254' title='bbox 606 2711 671 2789; x_wconf 88' lang='lat' dir='ltr'><strong>dir,</strong></span> <span class='ocrx_word' id='word_1_255' title='bbox 713 2712 781 2778; x_wconf 86' lang='lat' dir='ltr'><strong>uad</strong></span> <span class='ocrx_word' id='word_1_256' title='bbox 801 2714 889 2778; x_wconf 92' lang='lat' dir='ltr'><strong>mein</strong></span> <span class='ocrx_word' id='word_1_257' title='bbox 912 2713 1020 2780; x_wconf 87' lang='lat' dir='ltr'><strong>Leben</strong></span> <span class='ocrx_word' id='word_1_258' title='bbox 1040 2716 1083 2780; x_wconf 77' lang='lat' dir='ltr'><strong>ist</strong></span> 
     </span>
    </p>
   </div>
   <div class='ocr_carea' id='block_1_5' title="bbox 8 2789 1198 2878">
    <p class='ocr_par' dir='ltr' id='par_1_7' title="bbox 8 2789 1198 2878">
     <span class='ocr_line' id='line_1_30' title="bbox 8 2789 1198 2878; baseline 0.006 -22"><span class='ocrx_word' id='word_1_259' title='bbox 8 2817 39 2858; x_wconf 83' lang='lat' dir='ltr'><strong>no</strong></span> <span class='ocrx_word' id='word_1_260' title='bbox 60 2797 166 2864; x_wconf 85' lang='lat' dir='ltr'><strong>nichts</strong></span> <span class='ocrx_word' id='word_1_261' title='bbox 188 2819 253 2862; x_wconf 75' lang='lat' dir='ltr'><strong>vor</strong></span> <span class='ocrx_word' id='word_1_262' title='bbox 273 2795 334 2860; x_wconf 90' lang='lat' dir='ltr'><strong>dir.</strong></span> <span class='ocrx_word' id='word_1_263' title='bbox 386 2800 428 2862; x_wconf 79' lang='lat' dir='ltr'><strong>At</strong></span> <span class='ocrx_word' id='word_1_264' title='bbox 454 2819 494 2861; x_wconf 91' lang='lat' dir='ltr'><strong>ue</strong></span> <span class='ocrx_word' id='word_1_265' title='bbox 523 2796 568 2860; x_wconf 87' lang='lat' dir='ltr'><strong>ita</strong></span> <span class='ocrx_word' id='word_1_266' title='bbox 599 2796 697 2860; x_wconf 83' lang='lat' dir='ltr'><strong>etium</strong></span> <span class='ocrx_word' id='word_1_267' title='bbox 726 2795 844 2860; x_wconf 84' lang='lat' dir='ltr'><strong>Strabo</strong></span> <span class='ocrx_word' id='word_1_268' title='bbox 874 2797 931 2860; x_wconf 87' lang='lat' dir='ltr'><strong>lib.</strong></span> <span class='ocrx_word' id='word_1_269' title='bbox 955 2807 1012 2878; x_wconf 84' lang='lat'><strong>10,</strong></span> <span class='ocrx_word' id='word_1_270' title='bbox 1049 2800 1081 2866; x_wconf 89' lang='lat'><strong>5.</strong></span> <span class='ocrx_word' id='word_1_271' title='bbox 1178 2789 1198 2856; x_wconf 67' lang='grc'><strong>.’</strong></span> 
     </span>
    </p>
   </div>
   <div class='ocr_carea' id='block_1_6' title="bbox 8 2877 1088 3577">
    <p class='ocr_par' dir='ltr' id='par_1_8' title="bbox 8 2877 1088 3577">
     <span class='ocr_line' id='line_1_31' title="bbox 8 2877 1082 2970; baseline 0.006 -28"><span class='ocrx_word' id='word_1_272' title='bbox 8 2879 42 2942; x_wconf 91' lang='grc' dir='ltr'><strong>Τ.</strong></span> <span class='ocrx_word' id='word_1_273' title='bbox 59 2889 89 2948; x_wconf 79' lang='lat'><strong>2.</strong></span> <span class='ocrx_word' id='word_1_274' title='bbox 110 2904 144 2970; x_wconf 84' lang='lat' dir='ltr'><strong>p.</strong></span> <span class='ocrx_word' id='word_1_275' title='bbox 167 2887 240 2948; x_wconf 82' lang='lat'><strong>387.</strong></span> <span class='ocrx_word' id='word_1_276' title='bbox 273 2879 321 2950; x_wconf 86' lang='lat' dir='ltr'><strong>ed.</strong></span> <span class='ocrx_word' id='word_1_277' title='bbox 354 2879 445 2948; x_wconf 86' lang='lat' dir='ltr'><strong>Tauo</strong></span> <span class='ocrx_word' id='word_1_278' title='bbox 471 2879 524 2970; x_wconf 79' lang='lat' dir='ltr'><strong>n.)</strong></span> <span class='ocrx_word' id='word_1_279' title='bbox 554 2883 621 2965; x_wconf 72' lang='lat' dir='ltr'><strong>napi</strong></span> <span class='ocrx_word' id='word_1_280' title='bbox 638 2880 705 2958; x_wconf 77' lang='grc' dir='ltr'><strong>,τῆς</strong></span> <span class='ocrx_word' id='word_1_281' title='bbox 726 2880 850 2959; x_wconf 73' lang='grc' dir='ltr'><strong><em>Ἑλένης</em></strong></span> <span class='ocrx_word' id='word_1_282' title='bbox 884 2877 992 2962; x_wconf 72' lang='grc' dir='ltr'><strong><em>εἶπέν,</em></strong></span> <span class='ocrx_word' id='word_1_283' title='bbox 1034 2881 1082 2948; x_wconf 78' lang='grc' dir='ltr'><strong>ὅτι</strong></span> 
     </span>
     <span class='ocr_line' id='line_1_32' title="bbox 8 2959 1082 3050; baseline 0.009 -25"><span class='ocrx_word' id='word_1_284' title='bbox 8 2959 40 3026; x_wconf 78' lang='lat' dir='ltr'><strong>ad</strong></span> <span class='ocrx_word' id='word_1_285' title='bbox 68 2969 197 3045; x_wconf 77' lang='grc' dir='ltr'><strong><em>Θορέκου</em></strong></span> <span class='ocrx_word' id='word_1_286' title='bbox 225 2968 314 3050; x_wconf 82' lang='grc' dir='ltr'><strong><em>μέχρι</em></strong></span> <span class='ocrx_word' id='word_1_287' title='bbox 343 2969 474 3030; x_wconf 74' lang='grc' dir='ltr'><strong><em>Σουνίου</em></strong></span> <span class='ocrx_word' id='word_1_288' title='bbox 504 2961 696 3050; x_wconf 73' lang='grc' dir='ltr'><strong><em>παράκειται,</em></strong></span> <span class='ocrx_word' id='word_1_289' title='bbox 727 2963 830 3050; x_wconf 74' lang='grc' dir='ltr'><strong><em>μακροὶ</em></strong></span> <span class='ocrx_word' id='word_1_290' title='bbox 851 2963 1082 3037; x_wconf 62' lang='lat' dir='ltr'><strong>oratiorium</strong></span> 
     </span>
     <span class='ocr_line' id='line_1_33' title="bbox 8 3044 1078 3132; baseline 0.006 -22"><span class='ocrx_word' id='word_1_291' title='bbox 8 3045 114 3122; x_wconf 76' lang='grc' dir='ltr'><strong><em>ξὴκοντα</em></strong></span> <span class='ocrx_word' id='word_1_292' title='bbox 136 3045 172 3114; x_wconf 73' lang='lat' dir='ltr'><strong>td</strong></span> <span class='ocrx_word' id='word_1_293' title='bbox 196 3051 303 3132; x_wconf 75' lang='grc' dir='ltr'><strong><em>μῆκος.</em></strong></span> <span class='ocrx_word' id='word_1_294' title='bbox 344 3049 432 3114; x_wconf 84' lang='lat' dir='ltr'><strong>Nam</strong></span> <span class='ocrx_word' id='word_1_295' title='bbox 453 3051 551 3116; x_wconf 86' lang='lat' dir='ltr'><strong>etiam</strong></span> <span class='ocrx_word' id='word_1_296' title='bbox 572 3051 600 3114; x_wconf 78' lang='lat' dir='ltr'><strong>si</strong></span> <span class='ocrx_word' id='word_1_297' title='bbox 613 3044 646 3114; x_wconf 86' lang='lat' dir='ltr'><strong>h.</strong></span> <span class='ocrx_word' id='word_1_298' title='bbox 661 3049 683 3114; x_wconf 93' lang='lat' dir='ltr'><strong>l.</strong></span> <span class='ocrx_word' id='word_1_299' title='bbox 706 3073 831 3115; x_wconf 89' lang='lat' dir='ltr'><strong>nomen</strong></span> <span class='ocrx_word' id='word_1_300' title='bbox 851 3044 888 3114; x_wconf 76' lang='grc' dir='ltr'><strong>τέ</strong></span> <span class='ocrx_word' id='word_1_301' title='bbox 906 3051 1002 3132; x_wconf 74' lang='grc' dir='ltr'><strong><em>μῆκος</em></strong></span> <span class='ocrx_word' id='word_1_302' title='bbox 1016 3051 1078 3126; x_wconf 84' lang='lat' dir='ltr'><strong>ab·</strong></span> 
     </span>
     <span class='ocr_line' id='line_1_34' title="bbox 8 3135 1081 3222; baseline 0.008 -29"><span class='ocrx_word' id='word_1_303' title='bbox 8 3143 73 3210; x_wconf 78' lang='lat' dir='ltr'><strong>sset,</strong></span> <span class='ocrx_word' id='word_1_304' title='bbox 116 3145 229 3199; x_wconf 84' lang='lat' dir='ltr'><strong>tamen</strong></span> <span class='ocrx_word' id='word_1_305' title='bbox 250 3135 456 3222; x_wconf 88' lang='lat' dir='ltr'><strong>reliquorum</strong></span> <span class='ocrx_word' id='word_1_306' title='bbox 477 3145 639 3198; x_wconf 86' lang='lat' dir='ltr'><strong>structura</strong></span> <span class='ocrx_word' id='word_1_307' title='bbox 660 3145 692 3198; x_wconf 89' lang='lat' dir='ltr'><strong>ot</strong></span> <span class='ocrx_word' id='word_1_308' title='bbox 720 3138 878 3200; x_wconf 82' lang='lat' dir='ltr'><strong>sententia</strong></span> <span class='ocrx_word' id='word_1_309' title='bbox 900 3136 1025 3222; x_wconf 88' lang='lat' dir='ltr'><strong>optime</strong></span> <span class='ocrx_word' id='word_1_310' title='bbox 1046 3145 1081 3202; x_wconf 89' lang='lat' dir='ltr'><strong>s&#39;e</strong></span> 
     </span>
     <span class='ocr_line' id='line_1_35' title="bbox 10 3215 1081 3302; baseline 0.008 -24"><span class='ocrx_word' id='word_1_311' title='bbox 10 3215 139 3283; x_wconf 84' lang='lat' dir='ltr'><strong>aberent.</strong></span> <span class='ocrx_word' id='word_1_312' title='bbox 190 3217 314 3282; x_wconf 87' lang='lat' dir='ltr'><strong>Eadem</strong></span> <span class='ocrx_word' id='word_1_313' title='bbox 335 3219 419 3284; x_wconf 86' lang='lat' dir='ltr'><strong>ratio</strong></span> <span class='ocrx_word' id='word_1_314' title='bbox 442 3231 490 3284; x_wconf 87' lang='lat' dir='ltr'><strong>est</strong></span> <span class='ocrx_word' id='word_1_315' title='bbox 512 3219 656 3283; x_wconf 89' lang='lat' dir='ltr'><strong>duorum</strong></span> <span class='ocrx_word' id='word_1_316' title='bbox 682 3218 823 3302; x_wconf 70' lang='lat' dir='ltr'><strong>alienun</strong></span> <span class='ocrx_word' id='word_1_317' title='bbox 844 3219 941 3286; x_wconf 88' lang='lat' dir='ltr'><strong>Xeno</strong></span> <span class='ocrx_word' id='word_1_318' title='bbox 967 3219 1081 3300; x_wconf 75' lang='lat' dir='ltr'><strong>hontis&#39;</strong></span> 
     </span>
     <span class='ocr_line' id='line_1_36' title="bbox 8 3243 1080 3392; baseline 0.007 -28"><span class='ocrx_word' id='word_1_319' title='bbox 8 3321 144 3382; x_wconf 81' lang='lat' dir='ltr'><strong>norum,</strong></span> <span class='ocrx_word' id='word_1_320' title='bbox 174 3299 302 3367; x_wconf 83' lang='lat' dir='ltr'><strong>Hellen.</strong></span> <span class='ocrx_word' id='word_1_321' title='bbox 325 3303 387 3383; x_wconf 86' lang='lat' dir='ltr'><strong>lli,</strong></span> <span class='ocrx_word' id='word_1_322' title='bbox 418 3305 457 3383; x_wconf 79' lang='lat'><strong>2,</strong></span> <span class='ocrx_word' id='word_1_323' title='bbox 481 3309 531 3370; x_wconf 87' lang='lat'><strong>19.</strong></span> <span class='ocrx_word' id='word_1_324' title='bbox 563 3300 625 3391; x_wconf 84' lang='lat' dir='ltr'><strong>(nl.</strong></span> <span class='ocrx_word' id='word_1_325' title='bbox 649 3299 734 3392; x_wconf 82' lang='grc'><strong>14.).</strong></span> <span class='ocrx_word' id='word_1_326' title='bbox 771 3298 913 3378; x_wconf 83' lang='grc' dir='ltr'><strong><em>Δόξαντα</em></strong></span> <span class='ocrx_word' id='word_1_327' title='bbox 935 3243 966 3368; x_wconf 71' lang='lat' dir='ltr'><strong>dl</strong></span> <span class='ocrx_word' id='word_1_328' title='bbox 985 3299 1080 3372; x_wconf 70' lang='lat' dir='ltr'><strong>inita</strong></span> 
     </span>
     <span class='ocr_line' id='line_1_37' title="bbox 8 3379 1080 3476; baseline 0.006 -28"><span class='ocrx_word' id='word_1_329' title='bbox 8 3387 31 3446; x_wconf 83' lang='lat' dir='ltr'><strong>al</strong></span> <span class='ocrx_word' id='word_1_330' title='bbox 49 3389 249 3474; x_wconf 73' lang='grc' dir='ltr'><strong><em>περανθέντα,</em></strong></span> <span class='ocrx_word' id='word_1_331' title='bbox 278 3379 316 3452; x_wconf 75' lang='lat' dir='ltr'><strong>eoi</strong></span> <span class='ocrx_word' id='word_1_332' title='bbox 337 3391 393 3472; x_wconf 83' lang='grc' dir='ltr'><strong>μέν</strong></span> <span class='ocrx_word' id='word_1_333' title='bbox 412 3382 621 3473; x_wconf 76' lang='grc' dir='ltr'><strong><em>στρατεύματα</em></strong></span> <span class='ocrx_word' id='word_1_334' title='bbox 641 3382 775 3466; x_wconf 79' lang='grc' dir='ltr'><strong><em>ᾰπῆλθε,</em></strong></span> <span class='ocrx_word' id='word_1_335' title='bbox 800 3385 834 3452; x_wconf 80' lang='lat' dir='ltr'><strong>ad</strong></span> <span class='ocrx_word' id='word_1_336' title='bbox 855 3391 910 3470; x_wconf 75' lang='grc' dir='ltr'><strong>μέν</strong></span> <span class='ocrx_word' id='word_1_337' title='bbox 930 3397 1080 3476; x_wconf 76' lang='grc' dir='ltr'><strong><em>βαρβαρι-</em></strong></span> 
     </span>
     <span class='ocr_line' id='line_1_38' title="bbox 8 3461 1088 3577; baseline 0.009 -47"><span class='ocrx_word' id='word_1_338' title='bbox 8 3461 34 3530; x_wconf 77' lang='lat' dir='ltr'><strong>iv</strong></span> <span class='ocrx_word' id='word_1_339' title='bbox 52 3465 247 3556; x_wconf 71' lang='grc' dir='ltr'><strong><em>ές“Τρολλλεις</em></strong></span> <span class='ocrx_word' id='word_1_340' title='bbox 267 3472 321 3550; x_wconf 77' lang='grc' dir='ltr'><strong>τῆς</strong></span> <span class='ocrx_word' id='word_1_341' title='bbox 345 3476 496 3572; x_wconf 35' lang='grc' dir='ltr'><strong>Φρυγίας)</strong></span> <span class='ocrx_word' id='word_1_342' title='bbox 535 3467 570 3535; x_wconf 64' lang='lat' dir='ltr'><strong>ro*</strong></span> <span class='ocrx_word' id='word_1_343' title='bbox 591 3474 623 3536; x_wconf 77' lang='grc' dir='ltr'><strong>δέ</strong></span> <span class='ocrx_word' id='word_1_344' title='bbox 645 3465 822 3549; x_wconf 72' lang='grc' dir='ltr'><strong><em>Ἑλληνικόν</em></strong></span> <span class='ocrx_word' id='word_1_345' title='bbox 843 3475 874 3546; x_wconf 78' lang='grc' dir='ltr'><strong>ές</strong></span> <span class='ocrx_word' id='word_1_346' title='bbox 893 3467 1088 3577; x_wconf 46' lang='lat' dir='ltr'><strong>Aedronem.</strong></span> 
     </span>
    </p>
   </div>
   <div class='ocr_carea' id='block_1_7' title="bbox 8 3547 1243 3874">
    <p class='ocr_par' dir='ltr' id='par_1_9' title="bbox 8 3547 1243 3874">
     <span class='ocr_line' id='line_1_39' title="bbox 8 3547 1243 3643; baseline 0.009 -29"><span class='ocrx_word' id='word_1_347' title='bbox 8 3562 54 3616; x_wconf 76' lang='grc' dir='ltr'><strong>νθα</strong></span> <span class='ocrx_word' id='word_1_348' title='bbox 83 3547 121 3632; x_wconf 76' lang='grc' dir='ltr'><strong>ἦν</strong></span> <span class='ocrx_word' id='word_1_349' title='bbox 145 3551 324 3640; x_wconf 82' lang='grc' dir='ltr'><strong><em>Ἀρτέμιδος</em></strong></span> <span class='ocrx_word' id='word_1_350' title='bbox 345 3552 425 3643; x_wconf 70' lang='lat' dir='ltr'><strong>lapda</strong></span> <span class='ocrx_word' id='word_1_351' title='bbox 444 3555 526 3641; x_wconf 83' lang='grc' dir='ltr'><strong><em>μαλα</em></strong></span> <span class='ocrx_word' id='word_1_352' title='bbox 547 3554 648 3642; x_wconf 72' lang='grc' dir='ltr'><strong><em>ἅγιον,</em></strong></span> <span class='ocrx_word' id='word_1_353' title='bbox 669 3559 721 3620; x_wconf 77' lang='grc' dir='ltr'><strong>καὶ</strong></span> <span class='ocrx_word' id='word_1_354' title='bbox 740 3558 829 3638; x_wconf 76' lang='grc' dir='ltr'><strong><em>λίμνη</em></strong></span> <span class='ocrx_word' id='word_1_355' title='bbox 850 3559 940 3622; x_wconf 86' lang='grc' dir='ltr'><strong><em>πλέον</em></strong></span> <span class='ocrx_word' id='word_1_356' title='bbox 961 3584 981 3636; x_wconf 90' lang='grc' dir='ltr'><strong><em>η</em></strong></span> <span class='ocrx_word' id='word_1_357' title='bbox 1003 3583 1080 3623; x_wconf 86' lang='grc' dir='ltr'><strong><em>στα·</em></strong></span> <span class='ocrx_word' id='word_1_358' title='bbox 1175 3599 1177 3606; x_wconf 69' lang='lat'><em>,</em></span> <span class='ocrx_word' id='word_1_359' title='bbox 1241 3561 1243 3572; x_wconf 62' lang='lat'><strong>¹</strong></span> 
     </span>
     <span class='ocr_line' id='line_1_40' title="bbox 8 3633 1079 3742; baseline 0.006 -39"><span class='ocrx_word' id='word_1_360' title='bbox 8 3637 59 3716; x_wconf 78' lang='grc' dir='ltr'><strong><em>λου,</em></strong></span> <span class='ocrx_word' id='word_1_361' title='bbox 78 3633 283 3724; x_wconf 71' lang='grc' dir='ltr'><strong><em>ὑπόψαμμος,</em></strong></span> <span class='ocrx_word' id='word_1_362' title='bbox 305 3637 445 3720; x_wconf 66' lang='lat' dir='ltr'><strong>deleam,</strong></span> <span class='ocrx_word' id='word_1_363' title='bbox 466 3642 597 3742; x_wconf 60' lang='grc' dir='ltr'><strong><em>ποκέμου</em></strong></span> <span class='ocrx_word' id='word_1_364' title='bbox 617 3643 670 3741; x_wconf 61' lang='lat' dir='ltr'><strong>aad</strong></span> <span class='ocrx_word' id='word_1_365' title='bbox 689 3641 803 3742; x_wconf 78' lang='grc' dir='ltr'><strong><em>θερμοῦ</em></strong></span> <span class='ocrx_word' id='word_1_366' title='bbox 825 3636 948 3742; x_wconf 64' lang='lat' dir='ltr'><strong>dilator,</strong></span> <span class='ocrx_word' id='word_1_367' title='bbox 970 3653 1002 3708; x_wconf 90' lang='lat' dir='ltr'><strong>et</strong></span> <span class='ocrx_word' id='word_1_368' title='bbox 1021 3643 1079 3721; x_wconf 83' lang='lat' dir='ltr'><strong>IV,</strong></span> 
     </span>
     <span class='ocr_line' id='line_1_41' title="bbox 14 3719 1080 3874; baseline 0.003 -86"><span class='ocrx_word' id='word_1_369' title='bbox 14 3765 21 3796; x_wconf 88' lang='lat'>‚</span> <span class='ocrx_word' id='word_1_370' title='bbox 53 3723 81 3788; x_wconf 84' lang='grc'><strong>6.</strong></span> <span class='ocrx_word' id='word_1_371' title='bbox 122 3727 173 3788; x_wconf 81' lang='grc' dir='ltr'><strong>καλ</strong></span> <span class='ocrx_word' id='word_1_372' title='bbox 199 3719 320 3790; x_wconf 79' lang='grc' dir='ltr'><strong><em>κόπτων</em></strong></span> <span class='ocrx_word' id='word_1_373' title='bbox 347 3725 472 3812; x_wconf 76' lang='grc' dir='ltr'><strong><em>ξυνεχῶς</em></strong></span> <span class='ocrx_word' id='word_1_374' title='bbox 501 3751 557 3802; x_wconf 85' lang='grc' dir='ltr'><strong>την</strong></span> <span class='ocrx_word' id='word_1_375' title='bbox 586 3749 688 3874; x_wconf 57' lang='lat' dir='ltr'><strong>pupae</strong></span> <span class='ocrx_word' id='word_1_376' title='bbox 717 3749 752 3789; x_wconf 88' lang='grc' dir='ltr'><strong>ου</strong></span> <span class='ocrx_word' id='word_1_377' title='bbox 779 3749 897 3814; x_wconf 76' lang='grc' dir='ltr'><strong>προηεκΙ</strong></span> <span class='ocrx_word' id='word_1_378' title='bbox 914 3729 1004 3792; x_wconf 85' lang='grc' dir='ltr'><strong><em>πλέον</em></strong></span> <span class='ocrx_word' id='word_1_379' title='bbox 1023 3751 1080 3806; x_wconf 77' lang='grc' dir='ltr'><strong>της</strong></span> 
     </span>
    </p>
   </div>
   <div class='ocr_carea' id='block_1_8' title="bbox 8 3803 1134 4321">
    <p class='ocr_par' dir='ltr' id='par_1_10' title="bbox 8 3803 1134 4321">
     <span class='ocr_line' id='line_1_42' title="bbox 8 3803 1128 3896; baseline -0.004 -18"><span class='ocrx_word' id='word_1_380' title='bbox 8 3805 87 3888; x_wconf 59' lang='lat' dir='ltr'><strong>petitae</strong></span> <span class='ocrx_word' id='word_1_381' title='bbox 114 3803 226 3885; x_wconf 80' lang='grc' dir='ltr'><strong><em>ἦδέκα</em></strong></span> <span class='ocrx_word' id='word_1_382' title='bbox 253 3805 275 3886; x_wconf 78' lang='grc' dir='ltr'><em>ἢ</em></span> <span class='ocrx_word' id='word_1_383' title='bbox 303 3806 416 3876; x_wconf 77' lang='grc' dir='ltr'><strong><em>δώδεκα</em></strong></span> <span class='ocrx_word' id='word_1_384' title='bbox 442 3812 579 3876; x_wconf 72' lang='grc' dir='ltr'><strong>σταδίων.</strong></span> <span class='ocrx_word' id='word_1_385' title='bbox 653 3831 676 3874; x_wconf 87' lang='lat' dir='ltr'><strong>n</strong></span> <span class='ocrx_word' id='word_1_386' title='bbox 695 3809 805 3896; x_wconf 71' lang='lat' dir='ltr'><strong>verbis</strong></span> <span class='ocrx_word' id='word_1_387' title='bbox 832 3813 922 3894; x_wconf 72' lang='grc' dir='ltr'><strong><em>λίμνη</em></strong></span> <span class='ocrx_word' id='word_1_388' title='bbox 948 3807 1079 3892; x_wconf 75' lang='grc' dir='ltr'><strong><em>πλέρνῆ</em></strong></span> <span class='ocrx_word' id='word_1_389' title='bbox 1125 3875 1128 3882; x_wconf 70' lang='grc'><strong>,</strong></span> 
     </span>
     <span class='ocr_line' id='line_1_43' title="bbox 8 3881 1077 3984; baseline 0.01 -35"><span class='ocrx_word' id='word_1_390' title='bbox 8 3891 99 3954; x_wconf 77' lang='lat' dir='ltr'><strong>ration</strong></span> <span class='ocrx_word' id='word_1_391' title='bbox 125 3892 321 3980; x_wconf 74' lang='lat' dir='ltr'><strong>particulam</strong></span> <span class='ocrx_word' id='word_1_392' title='bbox 349 3893 369 3974; x_wconf 84' lang='grc' dir='ltr'><em>ἢ</em></span> <span class='ocrx_word' id='word_1_393' title='bbox 396 3881 533 3984; x_wconf 78' lang='grc' dir='ltr'><strong><em>ρτότευε</em></strong></span> <span class='ocrx_word' id='word_1_394' title='bbox 564 3891 675 3960; x_wconf 83' lang='lat' dir='ltr'><strong>abesse</strong></span> <span class='ocrx_word' id='word_1_395' title='bbox 708 3916 779 3970; x_wconf 87' lang='lat' dir='ltr'><strong>non</strong></span> <span class='ocrx_word' id='word_1_396' title='bbox 807 3919 907 3984; x_wconf 81' lang='lat' dir='ltr'><strong>poseo</strong></span> <span class='ocrx_word' id='word_1_397' title='bbox 935 3891 1077 3960; x_wconf 78' lang='lat' dir='ltr'><strong>manile·-</strong></span> 
     </span>
     <span class='ocr_line' id='line_1_44' title="bbox 8 3973 1077 4069; baseline 0.007 -33"><span class='ocrx_word' id='word_1_398' title='bbox 8 3980 67 4036; x_wconf 85' lang='lat' dir='ltr'><strong>tum</strong></span> <span class='ocrx_word' id='word_1_399' title='bbox 88 3977 156 4054; x_wconf 60' lang='grc' dir='ltr'><strong>ατη</strong></span> <span class='ocrx_word' id='word_1_400' title='bbox 188 3977 261 4064; x_wconf 86' lang='lat' dir='ltr'><strong>quis</strong></span> <span class='ocrx_word' id='word_1_401' title='bbox 285 3979 373 4046; x_wconf 88' lang='lat' dir='ltr'><strong>enim</strong></span> <span class='ocrx_word' id='word_1_402' title='bbox 393 3977 495 4045; x_wconf 87' lang='lat' dir='ltr'><strong>intelli</strong></span> <span class='ocrx_word' id='word_1_403' title='bbox 518 3989 550 4044; x_wconf 89' lang='lat' dir='ltr'><strong>at</strong></span> <span class='ocrx_word' id='word_1_404' title='bbox 570 3977 667 4042; x_wconf 86' lang='lat' dir='ltr'><strong>haee:</strong></span> <span class='ocrx_word' id='word_1_405' title='bbox 708 3981 916 4069; x_wconf 79' lang='grc' dir='ltr'><strong>λέμνηπλεόνΙ</strong></span> <span class='ocrx_word' id='word_1_406' title='bbox 934 3973 1077 4044; x_wconf 77' lang='lat' dir='ltr'><strong>madiani</strong></span> 
     </span>
     <span class='ocr_line' id='line_1_45' title="bbox 8 4059 1134 4152; baseline 0.008 -32"><span class='ocrx_word' id='word_1_407' title='bbox 8 4059 82 4123; x_wconf 79' lang='grc' dir='ltr'><strong><em>Ἱλέον</em></strong></span> <span class='ocrx_word' id='word_1_408' title='bbox 103 4071 221 4140; x_wconf 84' lang='lat' dir='ltr'><strong>autem,</strong></span> <span class='ocrx_word' id='word_1_409' title='bbox 251 4073 289 4126; x_wconf 90' lang='lat' dir='ltr'><strong>ut</strong></span> <span class='ocrx_word' id='word_1_410' title='bbox 316 4087 433 4152; x_wconf 82' lang='lat' dir='ltr'><strong>saepe,</strong></span> <span class='ocrx_word' id='word_1_411' title='bbox 461 4089 480 4130; x_wconf 84' lang='lat' dir='ltr'><strong>n</strong></span> <span class='ocrx_word' id='word_1_412' title='bbox 507 4061 689 4128; x_wconf 80' lang='lat' dir='ltr'><strong>verbialiter</strong></span> <span class='ocrx_word' id='word_1_413' title='bbox 712 4063 863 4151; x_wconf 83' lang='lat' dir='ltr'><strong>positum</strong></span> <span class='ocrx_word' id='word_1_414' title='bbox 885 4073 951 4142; x_wconf 84' lang='lat' dir='ltr'><strong>est,</strong></span> <span class='ocrx_word' id='word_1_415' title='bbox 973 4083 1078 4151; x_wconf 88' lang='lat' dir='ltr'><strong>quum</strong></span> <span class='ocrx_word' id='word_1_416' title='bbox 1130 4140 1134 4145; x_wconf 23' lang='lat'><strong>¹</strong></span> 
     </span>
     <span class='ocr_line' id='line_1_46' title="bbox 8 4142 1076 4232; baseline 0.008 -29"><span class='ocrx_word' id='word_1_417' title='bbox 8 4142 112 4227; x_wconf 73' lang='lat' dir='ltr'><strong>›ropn&#39;e</strong></span> <span class='ocrx_word' id='word_1_418' title='bbox 133 4143 308 4211; x_wconf 87' lang='lat' dir='ltr'><strong>dicendum</strong></span> <span class='ocrx_word' id='word_1_419' title='bbox 331 4147 430 4213; x_wconf 82' lang='lat' dir='ltr'><strong>luerit</strong></span> <span class='ocrx_word' id='word_1_420' title='bbox 461 4148 611 4224; x_wconf 79' lang='grc' dir='ltr'><strong><em>πλείονος,</em></strong></span> <span class='ocrx_word' id='word_1_421' title='bbox 656 4147 749 4232; x_wconf 84' lang='lat' dir='ltr'><strong>quasi</strong></span> <span class='ocrx_word' id='word_1_422' title='bbox 777 4151 970 4232; x_wconf 72' lang='grc' dir='ltr'><strong><em>περιφερείας.</em></strong></span> <span class='ocrx_word' id='word_1_423' title='bbox 1021 4148 1076 4212; x_wconf 71' lang='lat' dir='ltr'><strong>&#39;Sin</strong></span> 
     </span>
     <span class='ocr_line' id='line_1_47' title="bbox 8 4221 1075 4321; baseline 0.006 -31"><span class='ocrx_word' id='word_1_424' title='bbox 8 4221 76 4290; x_wconf 82' lang='lat' dir='ltr'><strong>tiam</strong></span> <span class='ocrx_word' id='word_1_425' title='bbox 93 4231 194 4312; x_wconf 77' lang='grc' dir='ltr'><strong><em>μεῖον,</em></strong></span> <span class='ocrx_word' id='word_1_426' title='bbox 214 4229 342 4298; x_wconf 72' lang='grc' dir='ltr'><strong><em>ἔλασσον</em></strong></span> <span class='ocrx_word' id='word_1_427' title='bbox 363 4243 422 4300; x_wconf 84' lang='lat' dir='ltr'><strong>cet.</strong></span> <span class='ocrx_word' id='word_1_428' title='bbox 442 4241 633 4321; x_wconf 61' lang='lat' dir='ltr'><strong>ponimtum</strong></span> <span class='ocrx_word' id='word_1_429' title='bbox 672 4229 711 4303; x_wconf 86' lang='lat' dir='ltr'><strong>cf.</strong></span> <span class='ocrx_word' id='word_1_430' title='bbox 734 4229 860 4300; x_wconf 85' lang='lat' dir='ltr'><strong>Hellen.</strong></span> <span class='ocrx_word' id='word_1_431' title='bbox 882 4231 943 4312; x_wconf 85' lang='lat' dir='ltr'><strong>ill,</strong></span> <span class='ocrx_word' id='word_1_432' title='bbox 965 4237 1001 4312; x_wconf 85' lang='lat'><strong>4,</strong></span> <span class='ocrx_word' id='word_1_433' title='bbox 1026 4236 1075 4298; x_wconf 81' lang='lat'><strong>13.</strong></span> 
     </span>
    </p>
   </div>
   <div class='ocr_carea' id='block_1_9' title="bbox 89 4460 95 4491">
    <p class='ocr_par' dir='ltr' id='par_1_11' title="bbox 89 4460 95 4491">
     <span class='ocr_line' id='line_1_48' title="bbox 89 4460 95 4491; baseline 0 0"><span class='ocrx_word' id='word_1_434' title='bbox 89 4460 95 4491; x_wconf 84' lang='lat' dir='ltr'><strong>i</strong></span> 
     </span>
    </p>
   </div>
   <div class='ocr_carea' id='block_1_10' title="bbox 0 0 1256 4630">
    <p class='ocr_par' dir='ltr' id='par_1_12' title="bbox 0 0 1256 4630">
     <span class='ocr_line' id='line_1_49' title="bbox 0 0 1256 4630; baseline 0 0"><span class='ocrx_word' id='word_1_435' title='bbox 0 0 1256 4630; x_wconf 95' lang='lat' dir='ltr'><strong> </strong></span> 
     </span>
    </p>
   </div>
  </div>
 </body>
</html>
