2488 4640
94 187 101 199 ’
132 241 196 313 us

38 447 40 454 ’
135 435 273 496 conatus
295 443 382 492 eum.
423 421 697 492 Subsecutueaet
716 419 797 488 alter
825 417 956 490 labellus
976 419 1113 506 (Archia
1136 427 1210 509 etc),

64 593 65 598 ἵ
129 515 170 596 ⁸in
187 511 281 601 cajus
301 507 348 576 III
365 517 460 597 parte
479 507 559 576 haec
583 527 645 596 par
665 505 882 574 Germaniam
910 507 1100 572 orientalem
1115 507 1211 574 ianm

65 602 88 654 l.
132 593 327 684 resumpsi,
354 603 386 658 et
411 591 507 658 latius
537 591 727 682 explanavi.
777 589 905 658 Mirum
923 591 959 656 in
978 593 1118 657 modum
1135 605 1211 658 rete·

132 703 212 750 rum
240 689 273 744 et
298 676 521 742 recentiorum
546 676 724 741 nominum
743 673 911 754 distanffls
948 674 1033 740 bene
1062 677 1170 741 servavi
1185 686 1212 740 et

135 760 386 852 congruentiam
412 759 619 841 invenienr,·
643 760 753 826 andex
776 777 882 848 tuque
908 758 961 826 ad·
978 759 1087 826 maris·
1107 757 1214 826 Suesia

77 891 86 901 ·
133 849 250 927 litora,
280 845 369 910 unde
389 846 560 910 succinum
579 842 796 922 invehebatur
814 843 1015 924 mitellam,
1042 865 1215 932 progressas

134 953 228 1014 sum,
272 939 304 994 et
329 928 488 994 'omnibus
514 928 668 1016 priorum
697 926 976 1016 Geegrepborum
1012 927 1215 1016 opinionibus,

135 1037 213 1082 curn
231 1011 326 1078 nullo
346 1011 517 1078 fulcimine
536 1013 740 1094 niterentur,
764 1012 913 1100 spretis,¹
936 1011 1132 1078 Cimmerion
1151 1031 1217 1100 quac

37 1151 40 1169 .
136 1099 326 1166 dicebantur
345 1095 457 1161 nubila
477 1091 671 1164 Germaniae
690 1096 832 1244 Pmffiio
854 1093 960 1160 Mtrte
979 1095 1098 1184 repuli.

218 1181 348 1264 Quibus
369 1181 557 1270 praemissis
579 1179 673 1246 facile
692 1190 761 1244 mte
788 1179 832 1268 ‘gi
851 1189 979 1268 potest,
1040 1181 1076 1244 ui
1093 1201 1147 1244 me
1163 1179 1216 1243 in·

134 1277 279 1358 pugnet,
306 1279 384 1330 earn
405 1272 481 1350 prae
502 1262 634 1328 caeteris
656 1263 812 1332 omnibus
831 1255 975 1352 probare
995 1263 1018 1326 d
1060 1285 1128 1343 ere,
1158 1285 1218 1326 me-

135 1351 280 1416 thodum
300 1369 412 1414 meam
426 1347 882 1435 Ptolemaeumexplanandi,
905 1348 928 1412 i.
951 1369 979 1412 e.
1002 1346 1219 1414 astronomicas

137 1432 209 1524 ejus
229 1431 415 1522 positiones
437 1431 473 1497 in
494 1432 660 1497 distantias
681 1431 886 1512 resolvendi,
926 1453 1101 1497 erroneam
1117 1441 1151 1496 et
1167 1429 1219 1494 lel-

136 1538 209 1584 eam
228 1527 261 1582 et
280 1515 377 1582 aliam
397 1535 560 1604 quamcnn
586 1535 627 1580 ue
645 1515 850 1596 'methodum
878 1515 1139 1581 substituendam
1155 1535 1221 1578 esse.

137 1601 250 1684 Quam
276 1600 320 1666 ob
355 1619 445 1681 rem,
489 1599 539 1667 mi
564 1537 822 1680 inclemens,
864 1599 959 1666 valde
984 1599 1123 1665 miratm
1150 1619 1221 1675 armi,

99 1725 105 1741 r
137 1703 243 1774 quum
270 1685 307 1748 in
333 1681 434 1748 docto
460 1691 521 1748 tuo
551 1693 601 1749 ets
614 1683 815 1749 eruditionis·
842 1681 1036 1770 plenissimo
1067 1681 1221 1770 opusculo,

137 1769 230 1858 quod
258 1787 336 1834 cum
364 1767 509 1840 Sebodio
530 1767 808 1844 aestumatissimo
830 1767 899 1832 edis
926 1765 1128 1856 ·v01.11.·p.
1151 1770 1177 1830 1.
1193 1787 1222 1854 p.

138 1853 211 1918 125.
240 1873 315 1942 sqq.
347 1851 459 1919 vnum
486 1851 737 1919 Craeoriensem
765 1873 849 1939 pro‘
866 1873 919 1917 ara
947 1861 981 1917 et
1008 1848 1087 1916 foco
1119 1868 1223 1940 parurn

60 2015 68 2032 .
137 1935 265 2017 idoneis
300 1933 399 2000 arenis
434 1947 637 2032 pugnantem
670 1934 865 2000 invenirem.
919 1933 1115 2000 Guilielmus
1149 1933 1225 1998 anim

136 2016 298 2088 Miinnich
351 2027 454 2084 artem
485 2019 609 2086 1tineris
643 2011 831 2084 Ptolemaei
859 2039 880 2083 a
906 2041 962 2083 me
994 2017 1159 2084 dilucidati
1198 2037 1226 2080 er

138 2104 289 2191 antiquae
321 2039 517 2170 dornoniae
556 2119 694 2190 magnae
732 2101 941 2168 occidentalia
971 2101 1116 2168 confinia
1146 2037 1225 2168 nie·

137 2186 258 2261 femme
280 2185 406 2266 studet,
457 2205 561 2273 quum
588 2185 843 2252 Cambodunum
866 2186 1043 2257 Ptolemaei
1067 2187 1226 2252 Cracoriaa

138 2271 285 2336 attribuit
306 2277 354 2359 (p.
377 2269 465 2355 130³)
487 2271 526 2334 iis
545 2271 765 2358 argumentis,
807 2281 891 2358 quae
909 2293 975 2359 pro
994 2269 1094 2358 pinne
1114 2271 1224 2334 aiveea

107 2383 109 2388 ’
138 2355 296 2420 sententia
311 2353 423 2432 studi,
444 2353 615 2443 neglectis,
635 2363 723 2418 noua
746 2364 856 2418 autem
874 2375 938 2443 pro
961 2353 1116 2444 asplosa,
1140 2373 1227 2442 quam

139 2438 365 2527 amplectitur,
390 2438 547 2524 opiuione
568 2457 639 2502 non
656 2435 805 2516 afferens.
968 2505 971 2510 ,

222 2521 297 2588 Mea
312 2542 348 2586 ar
392 2532 519 2600 menta,
542 2519 798 2586 Cmrhedunnm
813 2521 993 2587 Ptolemaei
1013 2542 1083 2588 non
1104 2521 1138 2586 in
1156 2521 1228 2585 Cra-

88 2675 92 2694 ,
139 2605 281 2684 comam,
302 2627 337 2670 se
381 2605 416 2668 in
437 2605 667 2684 Caarnowize,
689 2601 891 2670 hodiernum
910 2605 1042 2688 locum,
1072 2610 1133 2671 8a
1153 2607 1227 2670 Gra-

139 2690 235 2840 ploria
254 2687 405 2764 milliaria
423 2689 458 2752 in
479 2689 738 2778 septentrionem
758 2689 947 2771 distantem,
969 2689 1143 2778 quadrare,
1163 2697 1228 2753 sant

168 2797 232 2841 aec·
536 2807 542 2816 “
627 2802 632 2812 ’
998 2785 1005 2796 .

224 2855 257 2948 1)
282 2856 487 2923 Distentis
507 2863 546 2925 18
567 2857 779 2924 Mittruriam
798 2858 917 2925 Gema.
940 2854 984 2920 ub
1007 2854 1161 2946 Asaneo,
1174 2855 1227 2918 Iso

140 2941 266 3007 diernu
289 2941 466 3008 Sandeoia
485 2936 554 3032 (lit
573 2938 738 3033 Sandelt),
779 2953 862 3030 quae
883 2961 985 3027 quum
1008 2941 1044 3004 in
1064 2939 1228 3006 Ptolemaei

50 3083 51 3088 ,
138 3025 259 3090 tabulis
289 3034 364 3091 tum
397 3027 433 3092 in
466 3026 588 3092 nostrie
631 3028 762 3116 mappis
799 3021 1025 3116 geographicis
1064 3023 1228 3092 invenitur.

139 3110 225 3178 Huic
252 3111 489 3201 opposuitvir
515 3109 730 3176 doctissimus:
780 3114 809 3190 a)
833 3107 1010 3192 '„Neecire
1037 3131 1090 3186 se,
1128 3089 1242 3172 nmini

139 3195 265 3264 Asanca
285 3205 372 3268 recte
392 3193 596 3259 ameloeeta
616 3196 675 3274 sit,
697 3215 757 3260 nee
770 3190 832 3260 nei
851 3191 887 3282 b)
909 3189 1101 3282 Nunquam
1117 3203 1230 3258 rectam

97 3321 100 3335 ·
141 3278 300 3346 cracovia
320 3299 382 3368 per
395 3279 625 3344 Zarnowezim
647 3280 683 3342 in
703 3279 851 3344 Silesiarn
871 3277 972 3346 fuisse
989 3277 1121 3342 viam.⁴‘
1141 3271 1230 3356 Quod

142 3373 252 3429 autem
273 3362 314 3428 nd
334 3362 484 3452 primum
509 3363 639 3441 attinet,
667 3361 756 3428 haud
777 3362 909 3428 difficile
932 3361 1142 3448 intelligitur,
1161 3357 1230 3422 nul-

140 3443 213 3512 lum
236 3467 324 3526 esee,
345 3447 436 3533 quod
462 3467 505 3512 ex
524 3447 651 3514 inscitia
697 3448 808 3528 etitur,
831 3456 1076 3538 argumentum.
1114 3447 1230 3510 Secun-

54 3527 57 3536 ’
141 3528 224 3593 dum
245 3539 354 3596 autem
376 3531 422 3594 nil
444 3531 585 3618 amplius
606 3469 740 3618 probat,
773 3553 849 3596 cum
869 3531 1019 3622 primum
1038 3529 1167 3620 idoneis
1184 3525 1230 3590 hi-

141 3613 262 3680 storiae
279 3613 477 3682 testimoniis
499 3625 618 3695 careat,
663 3627 695 3681 et
717 3617 860 3682 secundo
882 3615 961 3682 loco
989 3633 1062 3678 non
1084 3633 1169 3702 opus
1188 3621 1231 3677 sat.

141 3706 180 3760 ut
202 3707 299 3760 recta
320 3697 373 3762 riu
391 3719 453 3786 per
471 3699 702 3780 Zamowezim
722 3699 880 3766 Gracoria
907 3700 943 3764 in
965 3697 1115 3764 Silesiam
1134 3693 1231 3762 sumit

68 3851 78 3876 ἱ
141 3779 271 3846 Totum
301 3780 391 3844 enir'n
423 3783 525 3848 iter-a
543 3783 696 3850 Danubio
720 3786 759 3850 ad
780 3785 870 3851 Mare
891 3784 1070 3852 snevteum
1090 3803 1109 3844 a
1131 3777 1231 3872 Ptole-

141 3883 239 3930 maso
252 3921 262 3944 ,
275 3863 467 3946 indicatum,
508 3889 579 3933 non
613 3879 701 3935 recta
735 3869 946 3957 progreditur
983 3875 1038 3948 (ut
1075 3864 1242 3932 hodiernisl

143 3946 242 4011 etiarn
272 3949 479 4034 temporibus
512 3961 600 4020 recta
633 3954 686 4020 rie
716 3953 784 4020 fere
820 3975 881 4020 nus
906 3951 973 4016 iam
1002 3953 1087 4016 inter
1120 3947 1231 4036 oppida

141 4027 242 4125 longe
268 4031 419 4126 distantia
444 4033 716 4126 proficiscimur),
746 4031 804 4102 sed
824 4049 862 4101 nt
882 3975 1049 4104 iocorum
1070 4045 1182 4099 natura
1206 4041 1232 4092 ot

142 4111 278 4206 urbium
304 4117 574 4212 attestationum
596 4121 814 4189 celebriorum
839 4123 922 4188 situs
942 4119 1130 4209 poettdaut,
1157 4135 1242 4210 mor,

143 4190 238 4280 istnc,
271 4197 464 4266 mox-ltine
488 4203 701 4272 teatinam..
733 4207 784 4274 De
814 4205 989 4274 distantia
1009 4227 1078 4270 aare
1105 4221 1231 4266 omniuo

1241 4379 1242 4412 l

1241 4461 1242 4490 l
