2502 4630
985 241 1077 320 ‘rin
1118 297 1122 302 -

8 458 106 526 imque
135 437 261 504 taenias
292 433 606 524 deprehenduntur.'
634 435 802 522 quoniam
829 433 898 504 fere
921 449 953 504 et
975 458 1078 512 error·
1148 429 1157 451 ‘

8 525 155 590 imilestns
177 533 242 600 est,
270 531 422 607 atquem
442 520 478 583 in
493 517 714 606 laenm'qaae
735 520 845 585 avulsa
865 533 942 588 sitiit
962 545 1067 612 repas·

8 609 159 674 ‚debeant
178 607 350 694 diligenter
372 604 550 670 attendenti
569 613 668 701 patet.
709 602 883 672 Difficilior
902 619 1013 672 autem
1036 619 1069 674 et

8 693 178 760 sriaulosior
196 701 249 756 est
267 689 447 767 restitutio,
472 687 529 752 ubi
549 685 694 774 singulae
715 691 828 778 scripti
848 701 957 780 partes
979 692 1068 756 inte-

8 779 45 842 s'e
64 789 152 856 sant,
185 776 236 840 de
258 775 372 842 ordine
393 784 521 850 antem,
566 793 633 859 quo
655 793 724 840 sese
747 775 898 862 excipere
919 775 1079 854 debeant,-

8 863 141 944 ibitatur.
189 859 229 924 ln
250 881 317 946 qao
340 879 457 944 genere
475 879 576 922 nemo
600 857 744 944 ignorat,
775 879 874 946 quam
896 855 1081 924 crudeliter·
1103 919 1107 929 .

8 949 32 1010 ri
51 945 136 1010 docti
154 946 189 1010 iii
210 941 400 1020 Tibullum,
433 941 664 1026 Propertium,
692 941 891 1030 Tyrtaeum,
924 943 1072 1032 aliosque

9 1031 141 1118 riptores
169 1027 366 1110 saevierint¹⁸
401 1023 502 1105 Quod
528 1023 604 1088 lecit
632 1026 731 1090 etiam
760 1016 829 1090 sive
853 1028 887 1090 E.
908 1018 1092 1118 Epliein'a¹
1116 1079 1119 1088 .
1146 1077 1150 1103 ,

8 1138 37 1178 re
57 1135 155 1200 quem
175 1111 229 1176 ille
253 1108 434 1196 praesidem
457 1107 686 1194 disputationis
700 1107 827 1174 babuit
847 1110 1083 1176 VVa'ssenber-i

8 1199 62 1262 iius
95 1199 129 1262 in
157 1195 381 1260 dissertatione
408 1193 449 1256 de
475 1203 562 1256 trans
591 1193 747 1272 ositionc,
790 1194 1004 1260 saluberrimo
1036 1196 1083 1276 in.
1114 1259 1120 1275 ,

8 1283 116 1346 iisndis
138 1292 286 1346 veterum
309 1277 439 1366 scriptis
460 1297 551 1340 reme
573 1277 621 1353 io,
644 1299 745 1364 quam
765 1277 1017 1348 Friedemannus
1039 1289 1083 1344 sb
1196 1343 1201 1368 ,

8 1367 144 1430 sebadius
166 1362 397 1428 inutilissima
419 1359 704 1426 Miscellaneorum
723 1360 825 1440 libro,
859 1363 923 1432 val.
944 1363 968 1432 Ι.
991 1362 1086 1432 Ρ.ι«Ι.«.’

8 1449 176 1538 petendam
198 1457 361 1513 curarunt.
411 1443 455 1508 Et
474 1443 528 1508 ille
548 1444 684 1530 quidem
706 1456 773 1510 tani
793 1468 912 1533 parum
934 1447 1084 1534 cogitate·
1127 1503 1132 1518 ,
1241 1485 1242 1534 3

8 1559 13 1596 i
29 1533 281 1620 transpositione
300 1529 363 1594 scri
389 1528 446 1601 siti
472 1538 510 1590 ut
529 1551 568 1592 eo
587 1529 722 1594 referret
746 1531 843 1595 etiam
865 1529 1094 1618 lragmenta-.¹

8 1639 59 1698 iiii,
80 1617 187 1705 qualia
207 1549 411 1700 Theognidis
434 1610 602 1690 habemas,
623 1613 659 1676 iii
674 1618 928 1702 perpetuitatem
950 1635 1086 1702 qum...

8 1725 45 1766 iiii
64 1699 372 1788 conjungendorum
394 1706 562 1760 conatum.

50 1786 205 1886 Sequitur
223 1782 303 1848 ssliid
326 1801 443 1867 genus,
466 1779 564 1866 quod,
577 1777 711 1844 consilio
733 1793 899 1848 mutatum
921 1781 1073 1858 ordinem

8 1870 150 1935 irborum
169 1869 324 1931 continet.
367 1863 453 1928 Nam
473 1862 694 1950 grammatici,
723 1865 777 1930 vel
798 1867 855 1952 qui
877 1865 1084 1953 grammati-·

8 1977 85 2018 irum
107 1951 254 2040 partibus
275 1972 310 2014 se
330 1947 424 2034 fungi
444 1969 541 2033 posse
560 1956 718 2033 putarunt
737 1945 877 2024 librarii,
906 1948 1074 2014 interdum

8 2036 252 2184 :perspicuitati
281 2033 506 2129 consulerent,
548 2051 801 2125 nonnumquam
831 2045 868 2096 ut
891 2033 1073 2120 elegantio-

8 2145 40 2186 m
59 2143 95 2200 re
121 2121 234 2185 derent
256 2128 459 2191 orationem,
481 2135 678 2201 saepissime
701 2129 807 2182 antem
833 2118 866 2180 iii
888 2118 1014 2204 poetis,
1035 2126 1081 2181 iit.

8 2219 71 2271 stra
91 2205 201 2270 labare
224 2203 293 2266 visa
313 2201 526 2276 sustinerent,
555 2198 653 2262 verba
675 2198 737 2264 alia
759 2201 875 2266 ordine
896 2202 1074 2298 disparique..
1114 2265 1116 2268 .
1193 2225 1197 2232 -

8 2303 62 2354 int:
98 2289 134 2354 id
157 2287 248 2384 quod
268 2285 304 2350 in
326 2283 450 2362 melicis
470 2283 671 2386 tragicorum
691 2283 894 2349 Graecorum
915 2305 1074 2349 carmini-
1177 2349 1180 2357 ,

8 2395 46 2452 is,
88 2391 302 2456 maximoque
324 2368 358 2431 in
387 2368 499 2433 Plauto
527 2366 744 2451 seruitiaque
766 2367 890 2434 lactum
911 2369 1074 2434 videmus.

8 2481 54 2522 am
74 2457 122 2520 illi
144 2453 351 2544 grammatici
367 2473 472 2538 quum
501 2450 698 2536 plerumque
727 2452 783 2518 vel
804 2463 991 2518 metrorum
1013 2473 1077 2518 re*

11 2565 41 2604 in
59 2541 238 2615 rationem,
286 2535 337 2600 vel
358 2534 533 2620 prosodiae
555 2535 748 2622 antiquioris
768 2537 855 2622 leges
876 2539 1075 2624 ignorarent,

8 2627 93 2688 irum
128 2632 288 2710 quantam
318 2620 381 2684 sibi
413 2617 633 2692 indulserunt,
676 2631 714 2682 iit
747 2621 862 2684 ordine
896 2620 1078 2686 verborum

8 2709 130 2772 stando
159 2727 316 2770 numeros
345 2725 408 2789 pro
437 2723 498 2766 suo
535 2713 632 2787 captu
661 2701 865 2791 refingerent.
919 2703 1022 2784 Quod
1046 2702 1078 2766 si

8 2791 205 2880 riptoribus,
246 2805 334 2851 'tuos
362 2787 450 2850 bunc
476 2785 511 2848 in
536 2785 673 2849 modain
702 2787 918 2874 iateipolatas
945 2786 1077 2875 aceepi-

11 2899 62 2954 us,
107 2811 290 2940 adhibenda
304 2867 363 2934 'est
384 2891 484 2958 opera
504 2869 640 2942 critica„
672 2872 745 2954 quis
767 2873 848 2936 adeo
871 2873 1002 2960 ineptus
1023 2869 1097 2947 sit‚·

8 2985 10 3020 ;
35 2981 106 3024 non
135 2969 209 3023 ante
238 2956 349 3020 omnia
377 2954 557 3040 genuinum
586 2951 765 3018 verborum
795 2957 946 3023 ordinem
975 2954 1084 3018 rasti-⁴
1178 2995 1180 3006 ,

8 3067 62 3107 iere
83 3037 237 3120 studeat?
278 3040 363 3102 Nam
384 3036 413 3102 si
434 3037 546 3102 tollere
568 3031 698 3122 peceiita
725 3038 873 3104 alliciam
895 3051 944 3103 est.
963 3037 1077 3114 critici,

8 3127 207 3214 ›praeeipne
227 3122 428 3188 removenda
448 3143 518 3184 esse
538 3132 643 3208 putet,
665 3125 700 3186 in
721 3123 839 3209 quibus
860 3125 1007 3188 maxime
1028 3131 1079 3186 est

8 3225 155 3278 secatum.
210 3207 323 3271 ltiitue
347 3206 381 3270 in
406 3205 597 3270 istiusmodi
623 3206 703 3270 loeis
730 3209 901 3294 scriptisve
935 3205 1076 3284 omnino
1130 3242 1135 3250 =

8 3294 185 3376 anspositio
206 3229 400 3354 facillimum
421 3299 522 3377 estet
543 3289 764 3354 certissimum
783 3283 978 3358 remedium.

60 3379 92 3444 T
96 3377 176 3443 ertia
197 3374 315 3458 mutati
336 3373 516 3438 verborum
536 3373 664 3437 ordinis
683 3395 794 3440 caussa
813 3374 1009 3462 negligentia
1028 3385 1100 3446 est.
1141 3409 1145 3416 ·

8 3464 199 3528 uariorum.
247 3458 286 3523 ln
307 3479 374 3544 quo
397 3477 514 3543 genere
533 3477 652 3542 magna
675 3469 723 3522 est
749 3459 861 3523 critico
886 3458 994 3523 cautio
1016 3457 1078 3524 ad-

8 3547 127 3611 .bends.
170 3542 357 3630 Numquid
379 3537 553 3636 estquod,
584 3561 689 3626 qiiiim
709 3542 864 3614 codicum
886 3543 1078 3630 discrepan-

8 3653 52 3696 im
72 3629 341 3703 consideramus,
376 3626 411 3688 in
431 3623 500 3691 aliis
521 3625 736 3711 scriptoribus
782 3649 910 3705 errare,
952 3626 987 3690 iii
1008 3625 1079 3690 aliis
1096 3625 1117 3666 ,³
1169 3653 1173 3658 ·

8 3715 114 3800 iiqiie3
135 3713 170 3775 iii
191 3710 260 3775 aliis
283 3733 349 3775 uno
371 3719 500 3774 tantuin
520 3708 662 3774 alterove
685 3733 745 3776 mo
770 3733 810 3788 o,
839 3711 873 3774 iii
894 3710 963 3774 aliis
984 3709 1079 3774 mal-

8 3833 10 3854 »
31 3796 168 3864 liberius
189 3796 340 3860 ordinem
355 3793 540 3859 ¹verborum
568 3793 741 3863 turbatum
764 3788 1082 3860 animadvertimus?

8 3905 50 3948 on
82 3891 134 3947 est
161 3877 195 3944 id
224 3877 376 3968 prolecto
407 3897 483 3944 casu
512 3877 659 3963 qnodain
694 3879 846 3944 mcidisse
881 3879 1090 3968 putandum,l

8 3987 41 4032 io
69 3965 141 4032 aliis
171 3962 387 4050 scriptoribus
414 3961 597 4058 diligentes.
643 3959 712 4026 aliis
734 3963 932 4050 negligentes
954 3961 1079 4028 librarii

8 4047 187 4148 intigerintz
227 4069 304 4110 nam
332 4045 360 4109 si
382 4047 439 4132 qai
458 4045 579 4118 hbent
599 4045 733 4111 socordi
753 4057 803 4112 est
831 4058 887 4112 aut
906 4047 1091 4115 festinante·

8 4155 107 4200 irario
128 4130 268 4222 sriptum
298 4128 390 4196 facile
410 4130 438 4194 is
460 4151 501 4195 so
522 4132 751 4219 cognoscitur,
779 4132 871 4220 quod
892 4133 990 4198 etiam
1009 4129 1079 4196 aliis
1096 4188 1100 4200 .

8 4219 134 4300 tacetis,
177 4235 277 4304 quani
307 4235 390 4303 quae
416 4223 495 4282 suat
520 4214 554 4281 iii
585 4213 701 4282 ordine
723 4216 918 4298 verborum,
960 4215 1080 4304 plenus
1167 4294 1168 4302 ἵ

308 4379 316 4408 l
