2510 4628
1 237 2 244 ‘
97 251 165 310 ies
200 241 235 266 ··

103 401 181 468 vide
203 399 300 468 Grot.
320 395 365 484 Π,
384 407 437 471 11.’
456 409 507 471 22
527 408 580 472 23.
601 437 645 454 ·-
670 401 776 492 eredo
797 385 1106 498 iaciasiacias]
1157 397 1251 466 ha-

104 483 217 549 buisse
239 484 283 548 ali
308 501 387 548 uam
412 483 576 550 radonem
599 483 802 566 Corinthum
823 483 966 552 delendi.
984 523 1026 535 -
1063 489 1250 569 semper

28 557 31 576 '
102 582 154 632 est
180 505 439 652 coiituiendum]
470 561 550 639 Non
580 577 630 630 est
657 566 721 640 iste
744 575 851 632 metus
878 566 963 631 iuste
989 565 1069 633 belli
1095 587 1248 642 causa,

103 648 168 715 nisi
190 657 324 727 constet,
349 665 418 711 non
440 655 565 712 tautum
587 645 630 712 de
647 647 806 748 potentia,
832 647 891 714 sed
911 659 944 713 et
963 647 1004 715 de
1023 649 1178 728 animo,
1203 656 1249 710 et

127 728 251 814 uidem·
268 727 315 792 ita
345 729 482 810 constet,
521 739 558 814 ut
582 728 721 797 dubium
750 729 890 800 nullumx
912 731 1064 816 ulliesse
1086 727 1248 831 possit.

35 867 42 874 .
140 807 300 875 id.*Grot.
321 809 366 876 ΙΙ.
388 810 429 875 de
449 809 476 876 Ι.
496 809 536 876 Β.
556 821 589 874 et
603 811 642 877 Ρ.Ι
665 826 715 894 22,
735 826 765 880 5.
778 845 819 862 -
838 816 992 880 etsi'nou
1013 827 1247 896 optimam,

77 975 79 980 Α
103 909 144 958 ot
161 893 317 978 aliquam
334 893 452 978 remu]
480 891 517 956 iii
537 915 600 978 qua
620 893 729 983 prisca
749 903 880 960 senatus
899 895 1076 960 auctoritas
1101 893 1249 960 flore-

25 1037 61 1056 „
102 985 165 1040 ret.
185 1010 224 1023 -
245 974 343 1040 nullo
369 972 433 1058 est]
460 973 620 1038 exstincta
640 976 739 1064 plane
759 976 853 1042 omni
868 975 1029 1054 libertate.
1046 1013 1097 1026 —
1130 995 1245 1039 coti-

102 1055 361 1140 sulendumest]
408 1055 598 1122 arcendum.
612 1093 654 1108 -·
674 1057 722 1122 ad
738 1061 987 1142 imperatorum
995 1056 1115 1133 fidem
1131 1079 1246 1122 coii-

89 1136 192 1224 [υς]
217 1139 273 1222 qui
294 1160 329 1200 se
348 1157 392 1201 iio
417 1137 444 1201 is
459 1137 588 1202 dederit.
631 1139 719 1206 Vide
735 1137 831 1205 Grot.
847 1141 905 1221 it,
926 1154 957 1206 a.
970 1145 1000 1208 t.
1014 1175 1055 1188 -
1081 1159 1244 1204 earum

1 1231 2 1237 ’
100 1223 246 1368 {Xitrpliii‘
267 1220 388 1366 {indentj
421 1218 477 1285 Sic
496 1219 649 1366 Maivcelgi
674 1219 814 1368 fgieliluntt·
834 1219 1242 1378 lbatpipnisssicuclprupp,

45 1331 51 1360 ι
141 1323 243 1365 cinii
311 1321 503 1366 aeonum·
602 1326 647 1366 i.
706 1323 789 1368 aus
874 1327 942 1366 a.
1009 1348 1054 1367 ..
1107 1325 1145 1366 c.
1229 1347 1242 1364 .

86 1381 209 1448 -Ve'rn
231 1389 282 1448 to.
303 1417 344 1434 --
378 1385 435 1449 Ac
454 1373 534 1447 delli
554 1383 694 1468 quidem
723 1385 882 1470 aequites
895 1422 912 1436 -
927 1382 1139 1469 perieript'a
1159 1382 1243 1466 ese]

82 1522 85 1536 ,
104 1461 251 1547 Quando
273 1463 400 1530 bellum
418 1465 541 1530 iustum
557 1466 763 1554 suscipiatur,
785 1477 817 1530 et
829 1465 922 1554 quod'
936 1465 1063 1536 bellum
1077 1465 1243 1530 iustum

103 1547 158 1627 sit,
182 1547 218 1610 iii
246 1543 340 1611 libris
368 1545 449 1611 iuris
477 1543 596 1612 fetialis
623 1546 853 1618 definiebatur.
914 1545 1104 1616 Christiani
1128 1547 1240 1612 olim

105 1625 320 1692 consulebant
341 1629 464 1716 Episco
491 1650 536 1692 os.
577 1625 721 1714 Fetiales
743 1640 821 1694 sunt
839 1628 1024 1694 sacerdotes
1044 1625 1239 1716 publicae

36 1729 45 1738 ‘
92 1707 193 1790 didei,
212 1709 269 1794 qui
282 1648 658 1802 praeerantioederibns
671 1709 872 1800 pangendis,
890 1710 1132 1791 mittebantur,
1158 1731 1240 1774 an-

40 1809 42 1812 ·
100 1800 236 1876 tequam
257 1791 385 1874 bellum
404 1790 656 1878 suscipiebatur,
677 1791 719 1854 ad
740 1813 793 1856 res
811 1791 1018 1880 repetendas,
1037 1789 1146 1858 bella
1167 1789 1238 1854 in-

104 1871 267 1957 dicebant,
287 1871 477 1938 iudicabant
499 1871 542 1936 de
559 1871 679 1937 iiiiuiia
699 1872 894 1960 legatorum,
913 1881 1000 1937 utet
1020 1869 1063 1938 de
1084 1893 1239 1940 conam

130 1956 245 2019 accitis
267 1966 300 2020 et
322 1953 526 2018 criminibus.
573 1953 652 2020 Vid.
671 1953 758 2018 Plut.
775 1956 880 2020 Num.
899 1977 935 2042 p.
956 1965 1006 2033 lss·
1060 1953 1239 2033 Horum

100 1976 268 2102 betilium
290 2057 375 2098 unus
392 2045 488 2122 pater
507 2044 653 2124 patratus
672 2034 851 2114 dicebatur,
871 2035 937 2122 qui,
958 2056 1033 2100 cum
1051 2056 1138 2122 pax
1163 2045 1239 2100 aut

53 2180 55 2188 ,
101 2115 221 2184 foedus
251 2113 440 2180 faciendum
468 2129 564 2198 esset,
602 2114 774 2181 rec-itabat·
792 2117 952 2182 sollemne
982 2115 1238 2184 iurisiurandi

28 2205 32 2228 ¹
77 2219 240 2264 ,carmen
262 2207 295 2260 et
315 2195 459 2262 foederis
478 2220 517 2263 ac
535 2195 625 2284 pacis
644 2197 744 2284 leges.
791 2196 880 2264 Vide
899 2195 1036 2285 Onupb.
1056 2196 1237 2266 Pauvin.

103 2279 297 2352 decivitate
315 2279 416 2358 Rom.
443 2301 472 2345 o.
493 2291 542 2348 32.
563 2277 600 2343 in
619 2278 704 2344 thes.
730 2279 854 2366 antiqu.
879 2302 915 2370 p.
936 2285 1008 2350 ist.
1026 2311 1071 2328 -
1100 2279 1238 2346 Pom-

98 2360 221 2452 pilius]
242 2359 436 2444 Poppi'lli'us
454 2360 483 2446 *)
505 2359 628 2425 Graev.
650 2360 727 2424 edit.
801 2395 804 2406 ·
972 2397 975 2403 ·
1037 2373 1038 2378 ’

6 2509 10 2532 ,
186 2443 226 2510 C.
250 2455 297 2512 12.
337 2456 487 2506 status
520 2441 613 2506 dies
639 2463 731 2506 cum
755 2439 899 2526 hosts]
937 2439 1236 2527 quesibiinvi-

101 2545 176 2591 cem
202 2522 484 2594 denunciaverunt
508 2522 700 2608 litigatores,
740 2531 779 2610 ut
802 2519 845 2616 od
873 2521 1042 2604 iudicium·
1061 2540 1234 2611 praesto

101 2615 220 2680 ament.
279 2604 387 2670 Plaut.
409 2605 508 2670 curo.
531 2616 558 2674 1.
581 2617 609 2671 1.
631 2619 660 2670 5.
721 2601 836 2675 Hostis
864 2614 915 2668 est
933 2604 1160 2674 adversarius
1173 2665 1176 2667 .
1189 2610 1245 2678 in.

99 2686 177 2771 foro
198 2694 256 2751 aut
275 2684 476 2750 obtrectator
490 2685 527 2749 in
546 2683 727 2772 republica.
744 2717 786 2733 -·
806 2686 1020 2771 Itemque,
1042 2685 1144 2754 adv
1157 2713 1234 2756 er-

96 2767 362 2852 conbertum
382 2783 566 2832 aeterno
586 2767 841 2830 auctoritas
887 2765 978 2854 quod
994 2766 1116 2852 bostis,
1147 2771 1232 2842 hoc

22 2853 25 2858 ’
98 2861 162 2933 est,
188 2872 258 2914 non
278 2849 543 2930 civis,nost1·um
561 2847 720 2936 possidet,
751 2845 830 2910 idn
880 2870 900 2911 o
919 2856 1070 2938 tempore
1088 2866 1233 2940 potest

87 2953 266 3029 usurpare
284 2931 345 3016 **),
366 2931 431 2998 hoc
451 2939 510 3012 est,
529 2928 565 2994 id
585 2950 717 3018 semper
735 2927 904 2992 vindicare
922 2951 1115 3018 possumus,
1152 2933 1232 3002 ubi

98 3013 217 3082 iudicii
247 3033 324 3096 cuin
351 3035 391 3077 eo
418 3011 514 3102 copia
537 3019 596 3075 est.
654 3009 862 3075 Auctoritas
888 3023 938 3074 est
958 3010 1010 3076 ius
1037 3011 1231 3088 dominii.

100 3097 156 3162 sic
173 3095 208 3161 in
225 3095 298 3178 lege
315 3093 448 3160 Atiniae
488 3091 553 3159 itu·
567 3089 740 3178 furtivae
758 3108 901 3158 aeterno
921 3097 1118 3180 eumericus
1143 3119 1230 3174 esc,

68 3232 70 3240 ,
99 3176 136 3245 h.
168 3200 196 3242 e.
216 3199 290 3241 rem
310 3173 469 3258 ¹furbvam
488 3193 621 3268 semper
645 3182 756 3261 potest
774 3172 943 3240 vindicare
962 3173 1132 3241 dominus.
1174 3219 1228 3232 --

25 3261 28 3272 '
100 3263 132 3324 si
148 3275 198 3323 est
217 3257 393 3342 inimicus]
412 3256 621 3320 adversamus
634 3253 669 3318 in
683 3253 768 3320 soro.
782 3291 824 3304 ·-
845 3256 1230 3351 competitorJ'aemu-

101 3341 155 3404 lus
175 3340 211 3403 iii
231 3363 286 3404 ma
311 3341 435 3406 'stratu
454 3372 496 3424 -7-
517 3337 642 3421 capitis
661 3351 695 3400 et
704 3333 845 3427 famae]
866 3339 1140 3426 existimationis,
1167 3345 1229 3411 li-

100 3419 248 3486 bertatis.
287 3362 385 3488 Q'ide
405 3418 520 3489 Odiac.
539 3419 582 3482 ad
603 3418 651 3510 tit.
673 3417 715 3482 de
731 3417 824 3485 verb.
843 3417 953 3516 signif.
979 3433 1006 3490 i.
1029 3434 1103 3490 102.
1133 3427 1229 3498 163.

99 3500 192 3568 Hinc
210 3525 244 3565 ca
269 3502 357 3568 italis
379 3523 486 3582 causa,
525 3521 610 3588 quse
629 3509 754 3600 irrogat
773 3500 956 3586 infamiam,
995 3523 1065 3568 non
1084 3507 1229 3578 solum

101 3581 216 3670 capitis
259 3583 503 3650 iminntionem.
520 3616 562 3632 -
586 3583 710 3666 reliqui
728 3581 896 3672 iustiores]
929 3583 1097 3669 mitiores,
1133 3612 1226 3658 non

99 3673 168 3728 tam
188 3664 349 3744 crudeles.
408 3665 507 3732 Iutta
524 3661 803 3760 seruitus=leniu
823 3703 866 3716 -
891 3663 969 3736 Nee
989 3687 1226 3754 cauponan-

106 3817 327 3842 hau-nn...

132 3913 170 3987 *l
180 3931 266 3968 unuin
283 3914 439 3972 ideletiiin.
480 3919 545 3974 lic.

114 4012 168 4077 Η)
185 4009 219 4085 *ᾗ
241 4035 253 4062 r
271 4013 375 4096 sillabis
392 4031 426 4066 ca
443 4020 653 4087 eupeitmciipn
670 4027 718 4082 est,
736 3977 814 4090 quasi
830 4014 949 4090 comptor
961 4033 1061 4074 vocem
1079 4039 1222 4097 usurp.

183 4099 214 4133 ie
231 4096 379 4152 corrigere
390 4083 525 4137 uoltum
541 4087 746 4160 tumuopm.
790 4083 845 4140 1111
1017 4085 1023 4116 ¹
