2488 4640
153 253 214 319 688

152 438 192 508 [2
209 441 292 510 dib]
320 435 420 494 morde
431 437 561 496 'aliorum
576 440 728 494 hominum
750 439 960 512 perspiciendos
977 441 1125 508 utilitates
1139 443 1220 499 ellare

151 511 248 582 possit·
283 509 421 564 Similiter
437 509 545 588 ryrulti,¹
573 511 674 580 quibus
696 510 758 588 lato
776 526 809 562 co
830 520 896 572 ente
919 511 951 563 hi
977 521 1028 566 aut
1045 511 1087 564 illi
1107 512 1221 583 scriptore

152 581 267 632 eiaeca
284 577 383 632 infima
400 578 520 632 labentis
537 592 596 644 yam
613 577 754 631 Graeciae
770 594 821 648 per
850 579 936 647 gandi
953 591 1038 648 sunt,
1158 581 1236 632 cela-1

150 647 225 700 rime'
236 646 304 700 inde
319 665 350 700 se
365 647 527 720 expediunt,
543 664 637 715 neque
653 645 806 716 quiequam
820 647 888 700 novi
902 647 969 700 iude
986 657 1038 700 aut
1055 595 1236 702 affuerim

150 715 266 786 linguae
284 716 413 768 Graecae
432 724 480 769 aut
497 715 534 768 ad
551 713 723 789 grammatic
789 715 847 779 eius
866 716 1123 770 conformatioriera
1138 725 1161 766 et
1175 735 1236 786 pase,

151 784 208 837 alia
224 785 307 850 hujus
326 785 436 854 generis
455 791 604 853 praeterea
620 791 686 836 sunt
708 731 817 846 elidere
835 795 1052 837 consueverunt.
1091 783 1142 836 Sed
1156 792 1236 852 tamesi

149 851 182 906 in
199 853 244 908 his
262 857 376 922 qubque
392 853 480 922 vulgo
498 851 638 920 neglectis
654 850 838 919 scriptoribus
865 852 951 920 plura
966 852 1113 923 hucusque
1130 854 1236 936 pondmy

149 921 348 981 animadversa
370 921 476 987 lateat,
513 937 585 990 qnae
630 923 755 988 erepecta
772 918 878 970 hebere
894 920 1113 992 uuiuscujusque
1129 931 1223 988 interest,

101 1011 104 1018 ·
150 990 201 1062 qui
225 1007 283 1042 non
310 989 435 1060 angustis
461 989 521 1042 istis
550 938 655 1040 finiisse
681 985 820 1040 contineri
844 1005 875 1038 se
900 989 1024 1056 petitia,
1061 1005 1127 1066 quos
1147 1005 1236 1062 mapa,

149 1073 218 1128 pars
236 1073 350 1121 eorum,
386 1059 436 1128 qui
455 1057 531 1110 docti
549 1056 684 1120 audiunt,
718 1071 865 1124 nunquam
883 1055 980 1125 egredi
998 1067 1144 1110 conantur.
1172 1057 1236 1126 Quid*

148 1125 228 1196 quod
251 1125 394 1194 ignoratio
419 1125 524 1179 harum
546 1121 789 1190 rerum-editores
815 1124 935 1175 istorum
960 1125 1132 1195 scriptorum
1147 1125 1224 1193 saepis·

147 1193 221 1246 sime
236 1193 267 1247 in
286 1211 411 1259 errores,
429 1193 585 1248 editoribus
602 1207 669 1244 sane
686 1191 733 1242 vir
750 1191 940 1257 cremandos,
959 1193 1087 1261 induxit,
1106 1193 1173 1264 quod
1186 1211 1223 1246 aaa

149 1275 228 1317 nuno
245 1261 295 1314 sed
312 1261 417 1316 illustri
431 1261 562 1334 exemplo
579 1257 754 1318 docebimur.

215 1329 309 1382 Aliam
333 1331 369 1384 ob
393 1349 507 1384 causam
521 1328 605 1388 -mihi
628 1345 679 1398 per
702 1327 754 1380 hos
778 1337 887 1380 menses
911 1324 1034 1395 legenda
1066 1328 1226 1381 eranthilse

81 1414 85 1420 “
149 1397 295 1469 carmina,
330 1416 402 1468 quae
421 1400 456 1452 ad
474 1407 602 1451 nostram
619 1404 740 1448 aetatem
757 1403 955 1464 pervenerunt.
989 1396 1101 1448 Noram
1118 1399 1226 1448 recentis-

136 1477 193 1518 ›tes
210 1463 263 1518 bos
281 1467 316 1519 ab
336 1468 453 1537 anfique
469 1467 519 1519 illa
536 1464 710 1535 syllabarum
727 1476 861 1514 mensura
879 1461 1047 1529 descivisse,
1081 1479 1226 1534 persuasum·

122 1533 293 1606 ,quemihi
317 1545 396 1600 erat,
435 1535 512 1605 quod
531 1535 572 1588 ita
596 1533 794 1604 aliosnsemper
821 1532 950 1584 statuisse
975 1533 1127 1596 videbam,
1158 1549 1226 1584 serm

112 1643 115 1651 .
146 1601 199 1662 hae
216 1603 357 1661 iambicos
374 1603 468 1658 solum
484 1603 660 1672 syllabarum
678 1615 832 1660 numerum
849 1617 978 1664 serame,
1014 1600 1227 1669 quemadmotm

147 1670 236 1726 etium
252 1681 361 1735 metra,
390 1687 464 1742 quae
481 1673 568 1744 vulgo
583 1671 699 1739 politica
717 1677 865 1722 vocantur.
905 1706 923 1735 „
932 1667 1030 1728 Philae
1045 1674 1171 1738 poemata
1185 1679 1227 1718 aar

147 1737 290 1808 „politico
309 1750 391 1794 maleo
409 1737 533 1808 confecta
546 1741 695 1808 pleraque:
731 1737 803 1806 quod
825 1740 947 1806 quamvis
965 1735 1116 1790 iarnbicum
1135 1737 1229 1806 appele·

145 1811 233 1872 „tun
258 1822 311 1859 non
329 1797 422 1862 ham
441 1807 542 1859 iambis
557 1807 673 1878 pedibus
691 1807 789 1864 currit,
824 1805 873 1856 sed
899 1805 1067 1874 syllabarum
1088 1827 1186 1859 numere
1200 1808 1228 1856 di-

145 1889 293 1944 ,3mentttm
318 1889 377 1928 est:
413 1879 446 1928 de
461 1893 522 1946 :qao
547 1877 673 1942 conseras
702 1877 740 1925 Is.
765 1875 890 1926 Vossium
914 1877 948 1925 de
963 1876 1072 1927 viribus·
1097 1877 1200 1945 rhythmi
1210 1893 1236 1958 p,

144 1961 216 2008 „aa
239 1963 278 2014 aq.
304 1957 331 1996 et
354 1945 516 2002 Dorelllium
535 1946 646 1998 miscell.
669 1943 813 1996 observata.
830 1945 866 1994 ΙῙ.
887 1961 918 2011 p.
934 1943 987 1994 432
1004 1949 1093 2014 sqq.“
1141 1947 1236 1997 tvans-¹

146 2013 231 2072 dorfii
261 2013 333 2068 haee
363 2025 428 2068 sunt
458 2015 546 2068 rerba
578 2015 608 2068 in
658 2013 728 2066 rael·
750 2011 799 2080 ,ad
821 2011 895 2066 Phil.
922 2010 939 2078 §
972 2013 1048 2066 vm.
1099 2015 1183 2066 Mirus
1202 2023 1229 2064 est

144 2081 334 2136 Wor'nsdorfii
353 2099 432 2137 error
449 2081 552 2136 hac'iu
568 2100 608 2135 re.
669 2095 745 2134 ersus
768 2079 801 2131 hi
817 2079 933 2132 iambici
952 2082 1147 2135 recentiorum
1163 2081 1229 2132 Grae

145 2167 246 2202 corum
268 2167 417 2220 nunquam
441 2151 476 2204 ab
505 2151 572 2220 ipsis
591 2151 616 2202 G
661 2147 708 2202 'cis
726 2148 824 2200 metris
841 2147 982 2217 politicis,
1019 2151 1125 2220 quibus
1142 2151 1229 2201 Taena

144 2217 251 2287 dliiqua
267 2219 312 2271 usi
329 2229 408 2286 sunt,
441 2228 627 2272 annumerant
669 2257 677 2285 ,
715 2214 792 2286 quod
811 2218 872 2286 ipse
888 2216 1047 2270 Dor-villius
1066 2220 1087 2272 l.
1104 2237 1122 2270 a
1147 2221 1184 2268 W.
1198 2219 1229 2266 cit

165 2291 246 2345 ,434
270 2287 336 2340 satis
367 2287 451 2340 docet
476 2297 575 2342 contra
592 2285 747 2340 Pauwium.
788 2285 888 2352 Neque
913 2294 1010 2338 tamen
1033 2287 1071 2338 Is.
1090 2285 1228 2339 Vossiusia

142 2301 192 2406 lib.
209 2371 295 2422 supra
314 2355 361 2408 cit.
389 2355 536 2426 (quisine
555 2358 613 2421 ejus
630 2352 746 2408 nomine
764 2352 872 2420 prodiit
889 2352 993 2406 Oroaii
1013 2361 1106 2422 1673,
1137 2364 1164 2405 et
1178 2355 1229 2404 iata

40 2487 42 2490 Ι
142 2421 301 2476 rarissimos
324 2423 463 2490 habetur)
503 2425 538 2476 ab
563 2424 619 2476 hoc
644 2439 743 2477 errore
759 2421 894 2476 immunis
913 2429 981 2490 est„
1004 2422 1142 2490 politicos
1158 2437 1229 2472 verca

48 2491 55 2500 ”
142 2487 296 2618 ξμᾳάεοὶιίι
320 2509 433 2563 quoque
449 2491 624 2563 syllabarum
643 2499 736 2544 extare
755 2489 943 2557 contendens,
984 2489 1033 2560 qui
1054 2491 1114 2562 ipsi
1132 2492 1161 2544 bi
1175 2493 1230 2540 ien-

124 2581 128 2592 ⁴
163 2575 201 2610 scr
221 2568 295 2623 sunt,
1041 2561 1053 2575 '

34 2637 48 2662 Χ
211 2628 317 2678 Verum
341 2627 417 2680 inter
439 2627 593 2698 legendum
616 2625 714 2680 statim
737 2626 943 2688 animadverti,
977 2645 1065 2698 quarn
1091 2629 1230 2682 {risehae

143 2691 241 2762 opinio
266 2695 370 2762 fuerit,
406 2703 491 2766 atque
510 2696 541 2750 in
562 2711 771 2775 quampreves
792 2713 903 2750 errores
929 2697 1030 2750 eadem
1049 2699 1095 2750 W.
1119 2698 1150 2750 in
1171 2694 1230 2748 term

142 2761 321 2816 emendando
346 2763 502 2833 pellexerit.
549 2765 615 2820 Vidi
640 2782 719 2829 enim
736 2763 780 2825 bis
804 2783 919 2835 quoque
939 2765 1043 2817 iambis
1068 2775 1160 2820 certas
1175 2767 1230 2834 leges

140 2829 262 2900 scriptas
279 2831 381 2895 fuisse;
414 2849 544 2904 quaeque
561 2832 606 2886 his
622 2831 732 2903 legibus
751 2834 981 2900 adversarentur,
1021 2851 1056 2887 ea
1074 2833 1124 2886 vel
1139 2835 1231 2888 malea

77 2928 81 2935 -
140 2895 249 2967 ubique
265 2899 483 2952 correctionem
508 2901 658 2954 admittere
680 2901 727 2952 vel
752 2903 940 2969 necessariam
967 2903 1177 2956 excusationem
1195 2901 1231 2954 ba·

139 2963 221 3017 bare.
265 2969 289 3018 Α
306 2967 537 3021 Wernsdbrliana
554 2970 661 3040 sylloge
681 2985 734 3038 pro
771 2987 846 3022 essue
866 2970 1045 3026 adulterum
1062 2969 1166 3023 Philae
1181 2985 1231 3038 opas

142 3031 180 3106 (lt
207 3033 573 3108 animalium-proprietate
600 3035 713 3092 easdem
751 3053 814 3108 egs
839 3039 999 3091 observatas
1026 3038 1137 3108 ubique
1154 3040 1231 3106 depre-

138 3097 243 3180 hendi3
262 3103 313 3156 sed
331 3103 525 3159 additamenta
545 3107 614 3176 ista,
687 3121 720 3157 ae
739 3123 771 3158 ex
789 3105 1110 3160 cod.oxon.1’auwius
1129 3106 1176 3160 hic
1188 3105 1232 3156 ilie

138 3170 275 3238 inseruit,
312 3172 422 3241 saepius
441 3171 491 3226 has
508 3173 584 3242 leges
602 3173 648 3226 vio
662 3182 726 3237 ant:
752 3171 809 3226 huc
827 3175 851 3226 si
870 3175 1012 3228 addideris
1031 3175 1231 3244 particularum,

139 3251 215 3306 quae
242 3237 329 3310 vulgo
349 3239 502 3307 expletivae
521 3241 677 3309 dicuntur,
703 3240 965 3312 frequentissimum
990 3251 1019 3299 et
1042 3237 1231 3314 ineptissimus

137 3303 282 3424 positum,
321 3325 388 3361 cum
405 3308 527 3377 genuinis
543 3309 642 3364 Philae
662 3310 791 3363 camnine
808 3309 905 3381 inopia
944 3309 1019 3364 otius
1042 3311 1232 3382 particularia

150 3373 287 3452 aborent,
303 3388 307 3400 ¹
322 3375 466 3430 addideris
490 3385 641 3448 praetere!
660 3377 800 3431 nonnulla
826 3380 862 3433 ab
888 3328 983 3432 indole
1007 3379 1232 3450 linguacGr.1u

137 3439 336 3512 abhorrentia,
380 3453 413 3498 ut
427 3446 482 3514 ipsi
499 3446 598 3500 Philae
614 3445 795 3498 stomachum
810 3448 979 3514 movissent,
1006 3449 1057 3512 (ut
1073 3444 1231 3507 alarcurrim

139 3501 194 3568 tels
211 3503 307 3576 ὄρνεις
324 3529 376 3582 pro
395 3514 542 3578 πλανῶόα
557 3519 607 3581 48,
635 3520 661 3572 6·
678 3531 706 3584 p·
724 3515 812 3582 186),
851 3516 923 3568 nihil
944 3515 1048 3568 cenius
1068 3533 1132 3570 ense
1150 3525 1231 3586 putea

138 3591 228 3656 priam
245 3577 317 3632 haec
336 3578 530 3636 additamenta
548 3579 650 3636 Philan
670 3592 818 3636 auctorem
834 3603 895 3638 non
916 3601 1084 3654 agnoscere,
1126 3584 1231 3656 quoda

136 3661 199 3718 ipse
215 3645 345 3700 Pauwius
362 3649 421 3714 jam
438 3649 511 3704 vidit
532 3669 561 3721 p.
580 3656 630 3719 15,
664 3651 772 3706 frustra
796 3651 954 3706 reluctante
975 3653 1120 3706 Dorvillio
1143 3653 1199 3706 lc.
1212 3667 1231 3718 p.

137 3716 208 3791 lQJ,
241 3715 289 3783 qui
308 3733 433 3784 semper,
466 3719 552 3774 etiam
570 3718 619 3770 ubi
636 3717 711 3771 forte
728 3711 844 3773 sorhma
861 3720 991 3778 Pauwius
1009 3738 1112 3773 verum
1130 3721 1231 3780 viderat,

101 3795 109 3826 t
135 3795 251 3850 ineptius
269 3779 337 3835 huie
356 3793 397 3836 est
415 3787 597 3839 obtrectator.
637 3787 736 3857 Neque
755 3787 849 3841 audiri
867 3797 992 3840 meretur
1011 3787 1112 3842 doctus
1130 3787 1229 3856 angle.

136 3845 187 3917 qui
214 3849 245 3902 in
270 3849 372 3904 iisdem
397 3853 547 3907 observate
580 3855 677 3911 misce.
704 3862 737 3924 6,
769 3873 797 3926 p.
825 3863 886 3916 160.
918 3857 1053 3910 Dorsillii
1074 3856 1229 3910 sententian

133 3923 254 3993 secttttu'
267 3927 315 3970 est.
350 3913 395 3974 De
411 3921 577 3974 Bersmanni
594 3941 668 3976 vano
687 3933 807 3992 conatu,
831 3925 888 3978 hoc
907 3941 1023 3982 amusan
1040 3925 1075 3978 ed
1096 3928 1229 3993 antiquam

134 3984 300 4063 iamborum
325 4003 488 4041 mensumm
507 3989 576 4042 resin
600 3989 680 4057 endi,
714 3992 757 4045 nil
780 3993 828 4046 hic
852 3993 978 4059 dicetur,
1013 3993 1066 4046 nisi
1090 3993 1123 4044 id
1148 4007 1228 4049 unum.

133 4048 298 4114 Pauwtum,
339 4053 392 4132 qui·
413 4057 542 4122 guaviter
570 4076 589 4110 u
610 4059 676 4128 ique
696 4057 726 4110 in
746 4060 890 4114 infelicem
907 4057 1116 4114 Bersmannum
1137 4057 1227 4112 masit-

134 4123 198 4181 tur,
230 4116 337 4186 'ubique
355 4128 442 4172 etiam
457 4124 513 4179 hac
531 4125 562 4178 iu
577 4141 610 4179 re
628 4143 710 4181 suam
726 4127 813 4198 ipsius
831 4129 1024 4202 ignorantiam
1041 4129 1147 4184 festive
1164 4125 1228 4180 nebit

135 4177 172 4234 ob
189 4181 286 4236 oculos
302 4203 418 4255 ponere.
