2502 4630
961 222 964 234 '
1037 209 1101 280 ttt

31 343 199 490 pudicorum
226 399 296 456 crte
324 386 407 456 illud
442 401 589 472 tantum,
630 341 728 482 qdod
753 391 874 480 cuique
896 390 1018 460 morbo
1040 413 1097 460 uc·
1141 346 1143 356 Ι

44 471 242 540 minodatum
262 483 311 538 est
329 473 533 556 remedium,
568 477 738 564 optimum
758 473 898 544 habetur
920 488 1017 564 atque
1037 487 1097 543 tu·
1184 517 1189 524 ·

29 495 176 642 isimum,
213 557 258 621 ita
279 557 314 621 in
335 569 403 624 arte
424 560 541 627 critice·
555 559 612 648 qui
627 559 887 660 'transpositione
909 583 974 650 pro
992 583 1098 660 pane·

27 661 55 878 Ε
75 651 195 723 utetur,
215 641 296 729 quid
316 639 404 707 aliud
425 649 527 730 qua'm
546 643 676 712 medico
697 644 916 726 simtitserit,
942 665 1001 734 qur
1022 667 1096 710 cur-

53 831 69 872 o

73 737 201 812 aegrmo
231 736 320 790 artus
346 726 478 794 laxatos
506 749 584 800 ,esse
605 729 791 819 suspicans,
834 729 916 793 daun
934 750 1097 817 reponere

27 889 28 894 ἵ
72 821 135 888 ret,
162 809 277 884 evellat
296 812 411 942 potius
431 830 468 878 ac
492 811 895 900 distendat,”·morboque
913 815 1017 882 veteri
1034 835 1095 880 su-

26 893 147 960 sadda
166 916 314 962 novum.
438 933 439 936 =

76 977 159 1042 Haec'
191 977 407 1065 scripseram,
451 1000 556 1068 quum
590 978 675 1046 mihi
716 975 936 1067 significatiun
969 989 1019 1045 est
1052 979 1094 1046 ab

24 1061 97 1125 mico
143 1061 281 1142 nodam,
328 1061 539 1130 Schaeserum
566 1065 665 1130 etiam
692 1063 727 1130 in
757 1063 1023 1130 adnotationibus
1053 1063 1095 1130 ad

24 1145 114 1210 tensos
154 1169 250 1212 anem
283 1143 496 1235 impugnasse
526 1169 637 1214 meam
664 1149 705 1212 de
730 1149 986 1234 transpositione
1018 1170 1096 1212 sen-

23 1227 135 1296 entiam.
162 1230 299 1318 'ltaque
319 1230 516 1318 pervolvens
537 1232 677 1314 tibrum,
714 1255 760 1320 p„
776 1233 850 1298 259.
872 1230 952 1298 haec
973 1232 1095 1320 scripta

22 1315 116 1378 nvem:
148 1336 236 1404 quac
256 1312 483 1381 Hermatcnus
504 1315 547 1380 dc
564 1313 703 1405 finibus
725 1316 860 1380 critices
875 1316 1093 1404 palaeogra-

21 1392 112 1461 tlu'cue
141 1397 305 1486 regendis
333 1399 371 1463 in
392 1395 554 1487 praefat.
583 1399 632 1463 ud
661 1399 862 1465 Draconem
884 1399 1092 1487 disputavit,

20 1503 61 1542 tou
88 1481 230 1546 veriora
255 1506 327 1547 esse
349 1495 457 1570 puto,
502 1505 608 1582 quum
636 1507 725 1571 quae
748 1505 860 1572 nstper
879 1483 1029 1570 scripsit
1049 1482 1094 1548 de

19 1565 234 1630 urminaticue
253 1567 535 1654 transpositionis
554 1565 822 1642 vocabulorum,
851 1566 905 1631 rei
925 1577 1000 1630 tam
1020 1565 1094 1634 lete

18 1646 157 1734 iijlitsac,
197 1657 235 1711 ut
257 1672 373 1714 omues
395 1651 561 1723 tervisinos
585 1661 767 1738 evagetur.
811 1651 876 1715 Sed
896 1671 998 1737 quum
1021 1661 1094 1714 sta-

17 1731 179 1826 iaraddat:
200 1731 401 1880 puunquum
422 1733 479 1798 liic
500 1755 644 1836 quoque,
667 1745 707 1798 ut
728 1729 861 1812 ubivis,
883 1733 982 1798 valet
1002 1731 1094 1798 illud

17 1813 90 1902 ujrt'
113 1815 195 1880 Sicu
214 1816 242 1878 ι’.·
273 1819 367 1896 Asius
386 1821 437 1880 atui
457 1821 576 1899 με’μνασ
604 1812 756 1882 ἀπιστεῖν·
779 1838 851 1882 non
872 1817 1001 1882 videtur
1019 1817 1092 1881 mi-

16 1900 29 1962 t
47 1899 149 1979 aliud,
171 1919 293 1986 ,quam
315 1901 408 1987 quod
428 1923 489 1988 ego
510 1901 598 1990 ipse,
634 1901 768 1966 dixisse.
821 1899 982 1966 Concedit
1002 1901 1093 1965 enim
1170 1917 1173 1935 ·

15 1983 126 2046 nodum
147 1983 328 2048 tenendum
350 2007 438 2048 esse:
467 2007 529 2072 ego
552 1995 679 2064 autern,
700 1985 758 2072 qui
779 1995 863 2050 essct
882 1979 937 2048 ifle
956 1983 1091 2064 modus,
1180 2049 1184 2056 ,

16 2067 150 2152 aplicare
172 2067 301 2132 studui:
322 2069 559 2134 mirtun‘euim
580 2067 687 2146 ioret,
709 2070 754 2146 si,
777 2090 859 2154 quae
877 2089 948 2132 uon
968 2067 1093 2154 ubique
1118 2117 1124 2130 .

13 2173 90 2236 aque
120 2151 215 2216 omni
248 2149 353 2216 modo
385 2151 567 2218 adhibenda
594 2175 664 2218 csso
693 2153 933 2232 consentimus,
975 2173 1012 2216 ea
1035 2151 1093 2216 ubi

12 2235 199 2300 citissimum
228 2245 261 2300 et
290 2235 408 2322 quibus
435 2236 546 2300 modis
567 2235 749 2301 adhibenda
770 2246 892 2314 esseut,
934 2233 999 2300 dici
1020 2255 1092 2300 non

12 2331 105 2382 osset.
159 2317 271 2406 Itaque
292 2341 377 2405 pcnc
398 2320 570 2406 suspicor,
613 2320 781 2407 scripsisse
801 2316 1091 2392 iHa.Schaeferum

12 2404 86 2488 rugis
109 2401 203 2490 quod
224 2402 328 2467 nolict
355 2425 438 2550 aptiae
459 2427 554 2468 ame
575 2402 661 2467 dicta
682 2413 789 2468 essent
808 2402 968 2491 probare,
989 2423 1091 2490 quam

16 2489 73 2551 uod
93 2509 130 2550 re
153 2507 228 2550 vera
249 2509 268 2550 a
286 2509 342 2550 mc
385 2487 559 2552 issentiret.
607 2487 694 2554 Nam
717 2507 820 2573 quum
842 2485 1001 2566 eximiam
1022 2507 1096 2551 voe

12 2581 142 2654 tptutcm
163 2571 367 2658 perceperim
388 2593 430 2635 cx
460 2569 522 2636 illis
545 2567 615 2658 ejus
637 2571 677 2635 ad
697 2567 960 2635 Demosthenem
981 2569 1090 2634 adno-

12 2655 181 2728 stiouibus,
223 2655 343 2742 quibus
378 2653 463 2720 mihi
494 2656 607 2720 omnin
643 2675 726 2742 quac
759 2673 920 2740 umquam
958 2653 1091 2751 scripsit
1200 2669 1215 2720 ,’

12 2739 124 2802 uultum
148 2757 187 2801 su
214 2761 318 2802 erasse
339 2737 485 2816 videtur,
525 2749 638 2802 tamen
665 2733 746 2802 illud
774 2737 939 2823 ingratum
961 2736 1088 2816 accidit,
1160 2759 1165 2774 ·

13 2823 88 2902 uod,
122 2759 229 2888 sinuit
248 2823 316 2887 mei
335 2822 542 2886 mentionem
562 2820 657 2900 secit,
678 2820 874 2886 invidiosius
894 2819 1088 2907 loquentem
1104 2855 1117 2891 ι

12 2909 102 2972 ueni.
149 2905 251 2993 Cujus
274 2905 447 2972 simultatis
469 2905 630 2970 nescirem
651 2926 734 2993 quac
753 2925 865 2968 caussa
884 2913 988 2984 esset,
1022 2902 1088 2968 nisi

12 2991 71 3055 :ab
93 2989 167 3056 aliis
190 2991 404 3077 accepissem,
443 2989 629 3054 citandam
653 2990 750 3054 etiam
773 2989 844 3136 ipsc
864 2987 900 3052 in
918 2986 1005 3052 libro
1026 2987 1086 3052 illo

12 3076 109 3140 ‚sot
126 3081 159 3138 's
183 3075 330 3140 emisset.
385 3074 464 3138 Non
492 3084 686 3160 putaveram
712 3093 776 3158 pro
793 3083 887 3148 ecto,
929 3093 985 3136 me
1006 3089 1086 3135 um-

12 3177 76 3224 uam
99 3097 312 3247 indignitatis
335 3155 562 3222 insimulatum
583 3155 641 3240 iri,
676 3168 708 3222 et
727 3166 834 3220 tauma
856 3154 1007 3244 quidem,
1048 3165 1086 3218 ut

12 3287 17 3306 .
45 3248 117 3310 809.
150 3265 192 3308 ne
219 3241 351 3330 aliquod
380 3241 558 3316 innoxium
587 3241 692 3304 immo
713 3239 847 3326 quidem
873 3239 943 3303 sine
965 3259 1086 3325 super-

12 3329 50 3392 ae
73 3327 262 3416 suspicione
282 3324 432 3419 proferre
452 3325 601 3414 potuisse
621 3321 778 3389 crederer.
819 3325 848 3388 A
870 3339 937 3410 quo
950 3317 1084 3388 autem?

12 3409 28 3472 b
50 3435 109 3489 eo,
145 3417 250 3498 'quem
272 3419 304 3474 ct
323 3421 464 3498 propter
484 3409 668 3474 doctrinam
696 3417 727 3472 et
741 3417 886 3556 prepter
907 3407 1008 3472 animi
1025 3405 1082 3469 in-

13 3497 163 3580 gritatcm
184 3517 316 3580 semper
335 3493 476 3570 maximi
496 3491 570 3558 feci.
611 3493 652 3558 Et
674 3513 753 3558 cnr.
832 3491 982 3554 bunum
1002 3509 1081 3554 ver·
1123 3545 1151 3574 ,Ι

13 3599 57 3642 un
79 3580 115 3642 in
134 3579 336 3666 praefatione
357 3577 397 3641 ad
424 3578 602 3664 Vigernm,
646 3597 713 3664 quo
742 3598 811 3641 non
831 3573 1081 3653 laedercvolut,

12 3663 34 3725 d
54 3685 187 3726 narram
208 3674 369 3751 quantum
389 3661 511 3726 laboris
533 3659 760 3750 exantlassenu
814 3659 896 3724 Fero
918 3656 1081 3756 egonhaec

12 3748 156 3826 tuentes,
199 3747 292 3812 utin
313 3747 407 3826 viro,
450 3745 507 3832 qui
528 3745 557 3810 si
577 3746 676 3826 sciret
697 3763 797 3832 quam
820 3743 855 3808 in
872 3764 928 3808 mc
949 3761 1081 3828 iniquus

13 3843 78 3907 set,
99 3831 188 3919 ipse,
210 3842 262 3896 sat
282 3827 370 3907 scio,
392 3831 496 3917 magis
517 3851 618 3916 quam
639 3851 700 3894 evo
722 3839 806 3894 essct
827 3825 1000 3894 dolittuus.
1036 3827 1081 3892 Et

12 3917 127 3980 otecto
149 3916 324 3980 tacuissem
346 3913 386 3979 dc
409 3937 445 3978 ca
466 3937 520 3984 re,
550 3913 614 3977 nisi
635 3883 689 3979 iiie
709 3912 840 4000 publica
861 3920 945 3998 esset
962 3908 1079 3974 homi-

12 4021 56 4063 tm
78 3999 120 4065 de
140 3999 197 4066 illo
220 3999 308 4066 dicto
327 3995 447 4080 iudicia
468 4007 655 4063 antestatus.
694 3996 902 4063 indicentes
925 4017 960 4059 oa
988 3991 1081 4080 quod

12 4083 67 4148 cilc
97 4084 159 4148 erit
188 4083 269 4150 novi
299 4081 460 4150 Thesauri
487 4080 697 4168 Stephaniani
719 4081 771 4158 vel
792 4103 859 4146 tino
913 4089 1025 4144 terovo
1045 4077 1080 4140 in
1219 4119 1220 4137 t

12 4191 49 4232 co
71 4169 234 4256 expertis,
255 4168 347 4255 quod
367 4189 428 4254 ego
451 4189 511 4255 per
531 4176 641 4232 toturn
654 4165 765 4255 Vigeri
784 4165 908 4232 librum
928 4159 1108 4251 sustinui..
1218 4197 1219 4232 4
