2492 4636
863 271 864 276 Ν
930 331 932 336 ,
1022 259 1102 360 scal.

13 413 103 480 nudas
117 409 259 478 venam
279 407 467 478 austeritate
482 407 681 488 'deterreat·
697 404 755 483 sed
778 407 939 478 suavitate
957 411 1083 484 alliciat

15 493 196 572 stretineat3
217 490 307 556 cuius
327 491 565 578 utriusque1·ei
584 513 685 557 omne
703 487 853 580 prolecto
874 501 1091 578 momentum,

15 573 297 662 inelegantioribus
317 573 436 640 litteris
456 572 606 660 positum
626 583 686 640 est.
744 603 751 614 ⁴
1057 593 1060 600 ’
1087 649 1092 660 Ι

76 659 126 732 At,
145 656 231 722 dicat
251 651 324 742 quis
344 654 440 735 forte,
469 651 568 718 fuerit
588 665 625 718 ut
643 655 687 722 ad
707 675 842 722 suavem
863 657 1080 746 popularem·

15 763 63 822 que
92 737 291 804 reddendam
319 735 572 824 Philosophiam
591 737 736 804 multum
757 737 928 806 conferant
948 740 998 804 ele
1020 763 1082 806 an-

16 825 62 888 tiae
78 819 195 897 studim
217 819 296 915 quid
317 842 396 886 vero
412 817 500 900 dices
522 817 563 890 de
578 819 631 914 Lo
653 820 712 900 ica,
733 819 974 910 Metaphysics‚
1024 823 1084 888 'is-

18 927 62 991 qnc
83 901 300 968 severioribus
335 901 536 1030 disciplinis,
574 843 651 988 qiud

17 1007 163 1050 mmmune
182 1007 255 1054 esse
282 984 434 1052 videtur.
497 983 620 1055 Utrum
638 985 699 1050 has
724 1001 856 1072 quoque
875 984 1082 1071 ludicrarum

15 1081 122 1132 tuarum
148 1067 270 1132 artium
296 1066 776 1154 adiumenta·requirere.ais?
813 1091 856 1134 an
880 1067 946 1134 hoe
969 1069 1084 1158 potius

15 1151 115 1220 clarum
135 1159 413 1238 perspectumque
432 1159 496 1223 cst,
534 1153 593 1213 'eas
619 1149 789 1238 graviores
810 1151 1014 1238 augustiores
1040 1167 1084 1218 ue

15 1255 68 1294 esse
95 1253 190 1317 qaam
228 1253 312 1320 quae
346 1241 415 1296 tam
452 1231 540 1298 levia
572 1230 699 1298 auxilia
719 1229 931 1298 desiderent?
971 1293 974 1302 ,
1027 1233 1083 1300 uic

16 1311 117 1402 placide
143 1313 188 1378 ita
215 1313 509 1402 respondeamus.'
545 1315 649 1382 Recte
667 1336 796 1396 mones,
836 1337 855 1380 o
884 1313 983 1399 bone,
1021 1317 1083 1386 sed

16 1419 65 1460 non
81 1406 141 1464 tam
162 1405 250 1462 recte
271 1418 370 1482 qnam
394 1406 462 1468 tute
480 1395 541 1464 tibi
561 1395 695 1463 videris.
739 1393 841 1482 Quod
861 1397 1012 1484 sienim,
1044 1411 1092 1466 ut,

18 1477 81 1564 apud
105 1477 323 1544 scholasticos
346 1475 425 1558 suit,
466 1488 499 1568 et
517 1479 708 1550 adhucdum
729 1479 819 1568 apud
838 1479 1000 1568 quosdam
1022 1491 1095 1568 est„

17 1559 232 1646 inexplicabilia
253 1559 384 1627 somnia
403 1559 455 1626 his
473 1559 619 1628 scientiis
640 1562 861 1644 continentur,
883 1561 999 1645 fateor,
1019 1565 1081 1714 qu-

16 1641 131 1730 beneque
151 1639 211 1708 tibi
231 1642 368 1716 accedo,
408 1643 590 1734 elegantiae
616 1644 726 1716 studia
751 1666 826 1710 cum
846 1643 896 1710 iis.
910 1666 1023 1712 comm
1043 1671 1083 1712 n-

15 1721 81 1788 ciam
96 1722 216 1790 habere
235 1747 297 1790 nec
317 1725 404 1792 velle
423 1749 485 1794 nec
507 1749 624 1816 posse3
659 1737 691 1793 et
711 1738 744 1794 te
766 1725 888 1794 harum
914 1749 1081 1815 nugarum

17 1801 141 1886 opificem
160 1805 318 1871 'futurum
348 1830 387 1872 eo
415 1809 579 1876 maiorem
638 1832 703 1898 quo
729 1808 834 1897 magis
862 1833 881 1876 a
910 1809 1082 1876 doctrinae

15 1887 143 1972 elegantia
169 1899 316 1962 remotus
336 1889 392 1956 sis.
451 1891 496 1956 At
524 1891 552 1956 si
577 1858 842 1980 lldetaphysicam
863 1913 937 1957 eam
959 1913 1081 1959 vocare

14 1967 107 2050 lubeat,
127 1993 210 2060 quae
230 1969 424 2058 cognitionis
440 1972 605 2040 humanae
618 1986 706 2038 certa
719 1973 886 2041 contineat
902 1973 1082 2066 principia,

14 2051 214 2140 Logimmque‚
250 2075 335 2140 quae
359 2053 431 2120 veri
451 2054 644 2122 inveniendi
665 2055 935 2149 diiudicandique
953 2069 1081 2126 rectam

15 2144 146 2200 nonshet
163 2135 338 2218 rationem,
375 2157 415 2202 ac
440 2137 469 2202 si
490 2138 628 2203 omnino
646 2160 761 2204 rernm
785 2145 969 2222 veritatem,
1009 2163 1080 2212 non

16 2215 149 2306 opinionis
169 2217 380 2298 uicinitatem,
424 2219 629 2307 quaerimus,
668 2219 789 2286 harum
817 2221 969 2286 omnium
996 2245 1081 2312 per·

16 2296 210 2384 npi'endaram
237 2299 382 2388 egregias
407 2323 479 2366 esse
511 2301 747 2368 moderatrices
775 2303 990 2390 elegantiores
1019 2305 1080 2387 tir·

15 2389 86 2460 teras,
119 2379 154 2446 id
175 2399 254 2447 vero
274 2403 393 2470 magna
413 2385 656 2450 asseveratione
677 2387 852 2456 contendo.
913 2385 1017 2474 quue
1042 2397 1081 2454 ut
1158 2427 1160 2434 ,

17 2461 58 2522 tibi
73 2462 200 2550 planum
220 2461 390 2536 faciamus,
425 2465 491 2532 hoc
514 2465 611 2532 nobis
633 2467 702 2548 des,
736 2475 774 2532 ut
794 2468 849 2537 vta
866 2478 980 2536 nostra
998 2491 1081 2558 pro-

17 2541 102 2609 cedere
119 2545 223 2620 liceat,
253 2548 471 2640 primumque
493 2549 720 2636 experientiae
741 2550 930 2616 testimonia
947 2573 1080 2642 propo-

653 925 691 966 us
726 923 803 968 cum
838 903 1000 990 elegantia
1031 905 1082 972 nil
1114 980 1118 990 ,
1196 867 1226 918 '¹

16 2647 117 2708 tronus,
150 2627 271 2694 deinde
292 2650 342 2694 rcr
361 2639 514 2698 naturam
536 2632 754 2720 explicemus.
801 2631 953 2716 Etenim,
989 2629 1080 2720 quod
1121 2601 1140 2672 i
1228 2651 1243 2726 l

16 2705 132 2794 diligenti
151 2707 383 2777 observatione
406 2722 532 2776 certum
554 2723 619 2786 cst,
659 2713 716 2800 qui
744 2713 785 2778 ab
811 2714 946 2780 inetmte
973 2725 1079 2781 aetate

15 2789 59 2852 soli
73 2791 267 2861 litteraturae
285 2792 394 2858 studio
415 2817 453 2858 se
473 2793 681 2876 dediderunt,
701 2793 727 2858 ii
745 2795 945 2884 plerumque
959 2797 1081 2868 Philo·

16 2871 136 2958 sophiam
156 2875 284 2956 rident,
319 2897 427 2962 neque
448 2875 490 2940 de
510 2875 561 2942 his
581 2876 680 2942 robus
701 2875 825 2964 aliquid
856 2879 970 2962 statui,
1021 2891 1079 2944 aut

16 2953 121 3020 cornino
146 2957 189 3022 ad
216 2956 402 3024 absolutam
435 2957 610 3024 veritatem
642 2959 813 3046 perveniri
832 2981 947 3048 posse,
974 2959 1080 3030 'arbi-

16 3044 121 3102 trantur.
160 3039 247 3106 Cum
270 3039 359 3104 euim
373 3037 409 3104 in
424 3039 548 3107 Critica
560 3051 630 3106 arte
644 3039 725 3128 quid
745 3063 865 3110 verum
876 3042 1079 3132 pulchrum·
1140 3053 1142 3058 '

16 3137 60 3199 que
76 3120 112 3184 sit
128 3143 196 3186 non
215 3119 450 3188 Mathematica
468 3122 598 3188 ratione
619 3123 875 3206 demonstretur,
911 3125 970 3190 sed
992 3147 1079 3208 quo·-

16 3207 70 3288 tsm
86 3200 318 3288 probabilitatis
342 3224 440 3270 semu
461 3203 636 3288 iudicetur,
669 3205 814 3292 quinon
836 3218 874 3270 ut
893 3207 1079 3298 percipitur

17 3291 46 3342 its
62 3305 180 3374 semper
202 3285 365 3374 explicari
383 3297 509 3374 potest,
548 3310 589 3354 eo
609 3287 730 3355 maiori
757 3288 978 3356 inconstantia
999 3313 1080 3356 ver-

15 3363 61 3427 sari
84 3375 111 3430 et
133 3367 293 3434 fluctuare
313 3389 367 3434 res
396 3367 648 3458 Philosophicas
669 3380 796 3460 putant,
818 3393 883 3458 quo
899 3371 989 3460 ipsae
1002 3381 1080 3436 sunt

16 3447 102 3512 ceteris
133 3449 361 3516 abstrusiores.
423 3451 550 3518 Contra
582 3451 639 3540 qui
670 3475 707 3517 se
738 3451 879 3519 iuvenili
903 3463 1007 3520 aetate
1034 3453 1078 3520 ad

18 3525 119 3618 lhiloso
142 3533 231 3600 lriam
252 3532 496 3622 applicuerunt,
529 3555 645 3621 neque,
680 3535 826 3622 quodam
844 3535 951 3602 veluti
970 3547 1078 3604 teme-

17 3611 93 3676 ntatis
123 3638 212 3698 reno,
232 3613 419 3682 litteratura
440 3617 645 3696 coercentur,
662 3615 699 3700 ii,
718 3629 858 3706 propter
874 3617 990 3686 iudicii
1008 3619 1078 3684 im-

18 3687 210 3793 bellicitatem,
249 3719 325 3763 cum
354 3697 390 3762 in
425 3719 656 3787 quamcunque
690 3699 884 3788 opinionem
915 3699 1078 3782 incidunt,

17 3793 67 3838 em
83 3779 238 3868 arripiunt
257 3771 491 3867 mordiensque
520 3789 649 3864 tenent,
683 3791 755 3848 tum
778 3781 821 3848 ad
848 3803 1079 3876 quemcunque
1150 3782 1153 3797 '

17 3863 39 3916 ct
52 3859 228 3950 magistrum
249 3874 281 3930 et
303 3873 423 3928 sectam
451 3871 529 3928 sunt
556 3874 714 3951 tanquam
743 3875 843 3932 vento
879 3865 996 3940 delati,
1034 3863 1078 3934 ad

17 3957 72 4030 tam
91 3943 185 4010 veluti
205 3947 246 4010 ad
268 3944 444 4032 scopulum
464 3941 717 4026 adhaerescunt3
753 3957 824 4014 tum
850 3945 878 4012 si
897 3945 984 4014 forte
1004 3949 1078 4018 Lo-

17 4037 78 4098 pccs
94 4025 396 4117 Metophysiccsque
417 4039 593 4115 praecepta
612 4028 800 4118 percepisse
820 4027 885 4095 sibi
904 4031 1077 4110 visisunt,
1125 4087 1126 4092 ,

19 4099 137 4176 ‹letotius
147 4108 381 4203 Philosophiae
400 4108 570 4176 mnestatc
586 4133 632 4189 ex
646 4111 848 4209 compendii,
869 4133 935 4202 quo
956 4112 1076 4180 inclusi
1107 4153 1113 4166 ι
