2488 4640
830 191 833 308 ῗ
1056 255 1122 322 so

16 445 127 512 teret,
170 429 231 498 sed
243 429 394 519 quesite
409 427 917 519 tae-objitoottibtviduur,
932 460 937 485 ·
957 433 1121 508 levissima

14 529 105 599 eunt,
148 537 253 604 quum
278 515 351 604 ipse
366 515 463 606 uiam
491 537 552 582 neo
573 513 712 604 petibus
736 536 806 582 nee
833 517 945 606 regula
967 541 1120 593 emonem

13 604 63 668 eit.
107 599 296 689 lpseenim
312 599 445 668 fatetur.
474 599 589 679 „Ner
608 599 778 666 sufficiunt
800 603 841 666 18
863 601 917 668 vel
935 605 977 670 19
994 607 1120 672 millie-

12 687 59 754 rie
78 683 292 751 Zemowenia
326 682 594 772 Wolesyrurm‚.
616 685 798 751 sedeerte
818 683 953 772 aliquot·
969 689 1121 758 milliaria
1205 682 1219 712 ¹*

14 771 152 857 emplius
174 768 357 834 emetienda
377 767 512 834 eumd*
561 767 650 834 Haeo
675 766 836 856 loquendi
853 771 939 835 ratio
959 791 1030 837 non
1051 777 1120 840 cri·-

13 854 73 918 tico
93 852 178 918 milri
198 850 347 931 videtur,
368 852 426 916 sed
448 851 546 938 pleme
567 849 784 918 absentatis·
794 853 905 919 studio
923 851 1119 926 abhorrens.

92 940 130 1020 2)
173 937 261 1002 eum
281 935 393 1002 inille
414 934 577 1015 distentio,
598 957 720 1023 queens
741 935 930 1002 Ptolemaeo
951 938 1119 1024 definitur,

13 1022 135 1088 urbem
157 1019 378 1086 recentiorem
406 1019 609 1099 invenirem,
634 1053 638 1061 ·
664 1017 756 1107 eujus
788 1043 913 1088 nomen
938 1025 1120 1111 persimile

12 1107 95 1172 mihi
115 1103 298 1181 videretur,
320 1106 366 1183 ei,
395 1105 486 1191 quod
505 1104 633 1189 see'pies
650 1102 780 1170 erctum
803 1116 868 1186 est,
897 1106 1023 1194 Lingua
1043 1110 1120 1176 Sle*
1205 1139 1207 1150 ·

13 1211 132 1256 rorum
160 1188 320 1254 nonnulle
348 1199 508 1266 mutaret,
555 1189 592 1254 in
617 1209 704 1253 vore
733 1187 989 1255 Cambodunum
1008 1193 1120 1280 prime

13 1273 201 1339 recentioris
220 1270 374 1338 nominis
387 1272 523 1360 vestigia
540 1290 577 1336 re
620 1273 659 1336 ri.
713 1271 800 1337 Heio
828 1273 881 1339 vir
907 1275 1118 1342 doetissimm

13 1360 90 1422 scite
111 1357 305 1444 opposuit,'
321 1355 444 1422 litteras
464 1357 553 1422 redis
640 1357 680 1422 Ζ.
702 1357 761 1421 Gn.
786 1367 819 1421 et
840 1357 882 1435 C,
911 1379 1021 1446 neque
1042 1381 1117 1426 ees*

12 1443 88 1510 dem
107 1461 215 1528 neque
234 1439 460 1528 homonymos
485 1461 572 1530 esse,
586 1469 591 1496 r
607 1439 642 1504 et
666 1439 759 1538 quod
778 1440 819 1504 ad
840 1440 993 1508 ultimam
1012 1443 1117 1532 sylla·

13 1527 88 1590 bem
109 1525 242 1590 dunum
262 1525 392 1602 attinet,
437 1543 576 1614 quame
599 1523 701 1588 Slavrs
730 1525 765 1588 in
786 1546 1012 1614 synonymum
1031 1528 1119 1594 wios

13 1607 144 1698 (Gothis
165 1605 268 1695 wint)
298 1618 459 1674 mutatam
483 1631 552 1674 esse
573 1607 754 1686 contendo,
797 1620 991 1674 monstrum
1013 1611 1117 1676 Celti-

14 1717 64 1758 cae
101 1704 135 1758 et
170 1692 314 1758 Slav'ieee
344 1691 473 1780 linguae
508 1691 664 1782 appellet,
707 1691 798 1779 qnod
824 1692 899 1757 inde
931 1696 1117 1780 proveniat.

13 1777 109 1844 Recte
128 1776 284 1864 quidem!
303 1787 495 1848 monstrum
516 1781 605 1840 enim
626 1785 690 1852 eet,
713 1775 805 1862 qnod
825 1797 868 1840 ex
889 1776 1026 1853 diversis
1047 1777 1116 1842 lin-

13 1863 82 1948 guis
104 1860 328 1926 confunditur.
376 1860 445 1923 ·Sed
466 1859 542 1925 tulin
559 1869 711 1924 monstra
736 1859 910 1924 inntnnera
936 1861 972 1924 in
991 1862 1116 1949 Hispa-

14 1948 82 2023 nia,
110 1943 362 2032 ⁴Frenoogalliu,
392 1942 561 2008 Britannia
612 1953 807 2023 occurrunt,
849 1943 908 2009 ubi
944 1943 1117 2012 Romanos
1174 1963 1188 1986 ⁸·

13 2029 70 2094 alie
88 2027 266 2096 hominum
286 2028 386 2114 stirps
404 2038 516 2092 secute
537 2037 597 2092 est.
1033 2037 1036 2044 '

91 2113 179 2178 Nam
191 2113 415 2198 PaxAuguste
434 2111 469 2174 in
489 2109 648 2198 Badajon,
671 2111 788 2178 Caesar
801 2113 949 2200 Auguste
968 2113 1003 2177 in
1017 2113 1116 2179 Sera-

15 2221 107 2286 goese
125 2205 252 2268 mutatu
270 2193 588 2260 nominante-sunt
607 2191 780 2261 monstra?
801 2197 826 2260 C
845 2197 1037 2266 Latinorum
1054 2219 1115 2264 uu·
1176 2205 1181 2212 '

14 2295 79 2346 tem
103 2280 172 2346 sive
203 2279 260 2346 K..
275 2279 476 2352 Graecorum
515 2301 533 2343 a
562 2277 665 2344 Slovia
693 2278 821 2366 saepius
848 2279 884 2344 in
907 2281 953 2346 Gn
974 2291 1116 2348 mutatos
1216 2307 1220 2318 ·

16 2387 80 2431 esee
98 2363 242 2442 litteras,
263 2361 392 2428 idoneis
433 2361 554 2428 robori
572 2369 790 2450 argumentis,
814 2362 920 2450 iisque
939 2365 975 2427 in
997 2363 1127 2430 eodem

15 2451 92 2514 adeo
112 2443 296 2524 vocabulo,
335 2384 432 2532 quod
448 2458 480 2511 et
504 2445 580 2512 alibi
602 2447 745 2511 ocetn‘rit
770 2447 805 2510 in
825 2447 1025 2514 Ptolemaeo.
1068 2449 1117 2516 Ut
1165 2473 1166 2476 ¹

15 2535 98 2598 enim
128 2527 396 2596 Carrlrodr‘mum
422 2529 635 2595 Pamwaiee
665 2531 699 2594 in
726 2529 969 2596 Czakonthum
997 2532 1117 2597 Stiriae

15 2616 173 2683 inferioris
203 2613 287 2700 (non
307 2623 357 2678 est
378 2635 472 2678 error
491 2613 705 2702 typographi,
723 2615 783 2678 sed
803 2637 897 2679 error
918 2613 1114 2693 Miinniehii,

15 2703 68 2788 qui
89 2701 252 2786 Ungariee
273 2696 438 2784 oppidum
460 2698 616 2785 appellet)
649 2695 916 2762 Cerrlrodunum
935 2697 1114 2762 Bastarna*

15 2798 94 2849 rum*
108 2781 191 2873 (non
210 2781 455 2868 Bastarparum)
490 2781 527 2845 in
560 2779 784 2868 Csaykosvice
815 2779 984 2860 Gellieiae,
1027 2805 1114 2870 pro·

14 2869 109 2934 motis
132 2867 308 2933 Slavortun
323 2863 454 2930 sedibus
471 2863 593 2930 mutari
605 2875 752 2952 poteret,
775 2864 820 2930 ite
842 2863 940 2928 etiem
959 2861 1114 2930 Carrhe-

16 2953 147 3018 dnnum.
170 2949 398 3016 Gothinorum
427 2947 521 3014 laoile
545 2948 584 3012 in
615 2945 790 3013 Slavorum
814 2944 1036 3016 Crannone
1057 2950 1113 3012 in-

17 3038 148 3102 venitur.
845 3061 852 3082 ·
992 3045 997 3060 '

92 3117 126 3210 3)
168 3117 227 3184 De
260 3117 435 3185 Craeovin
460 3138 536 3182 mea
563 3115 723 3182 sententie
752 3114 833 3181 heeo
865 3126 924 3182 est.
979 3116 1114 3185 Nomen

16 3207 133 3272 Creone
153 3223 225 3268 non
245 3203 350 3290 repeti
371 3202 554 3266 dobere'ex
585 3211 713 3265 vetuste
736 3199 945 3270 Carrhoduni
965 3201 1114 3285 nomine,

16 3291 220 3354 eed'merum
241 3287 407 3352 Slasienm
431 3305 501 3351 esse
521 3283 738 3362 vocabulum,
781 3285 909 3370 saepius
936 3305 1114 3350 occurrens

16 3374 46 3438 in
62 3371 215 3438 omnibus
230 3379 391 3436 terrarum
408 3368 609 3457 regionibus,
630 3389 713 3455 quae
731 3367 834 3434 serius
850 3367 1026 3433 Slevorum
1042 3367 1113 3436 im·

16 3459 102 3544 perio
123 3455 289 3522 suberant.
329 3453 370 3520 In
390 3452 456 3518 hoc
477 3453 639 3518 consentit
661 3451 808 3532 criticus,
831 3462 864 3517 et
882 3449 976 3539 plura
993 3451 1114 3517 exem*
1169 3504 1171 3514 .

18 3542 66 3627 plo
85 3537 183 3628 hujus
204 3539 330 3628 generis
358 3536 485 3603 ed'eeit.
535 3536 610 3604 Sed.
627 3535 670 3601 de
696 3537 871 3602 Graeoviee
903 3535 1113 3600 incrementis

19 3649 106 3692 ame
132 3624 295 3690 dissentit.
329 3559 497 3688 Coeluisse
523 3619 609 3686 hano
637 3619 753 3685 urbem
772 3619 894 3684 sensim
921 3619 1113 3707 sensimque

18 3709 270 3776 inhodiemam
296 3729 353 3772 me
402 3706 563 3770 'tudinem
587 3725 632 3770 ex
651 3715 793 3790 quatuor
820 3701 971 3783 urbibus,
1012 3702 1113 3769 (loai-

19 3793 115 3874 mirie,
137 3791 306 3869 Stradom,
328 3727 479 3857 Cld'erie
498 3801 530 3854 et
551 3789 710 3859 Grae-orie
728 3788 809 3883 ipsa,
831 3787 917 3867 dixi,
939 3797 977 3852 nt
997 3791 1113 3852 osten-³

21 3877 137 3955 terem,
180 3875 378 3942 hodiernam
401 3873 664 3960 magnitudinem
692 3871 774 3936 olrm
800 3891 872 3938 non
907 3870 1019 3938 fuisse.
1074 3869 1115 3935 In

19 3955 78 4024 hoo
94 3959 255 4026 inermium
275 3979 384 4022 meam
401 3979 519 4029 ,rerum
540 3957 740 4022 Slovioarum
761 3955 943 4044 vituperat,
964 3955 1021 4020 sed
1041 3954 1114 4040 ipse

20 4043 151 4111 insumas
176 4041 345 4108 obnoxius
371 4041 540 4131 Dlugoesii
565 4041 649 4106 Hist.
680 4039 786 4128 (Libr.
812 4048 840 4107 1.
867 4063 904 4129 p.
927 4037 997 4128 39.)
1025 4039 1113 4116 citat,
1189 4084 1193 4096 .

23 4149 110 4212 quem
142 4130 258 4195 locum
291 4123 433 4214 probum
462 4123 604 4192 affirmat
633 4123 838 4212 Gleperdiam
875 4123 958 4190 olim
990 4121 1114 4188 subur-

21 4209 104 4282 bium
122 4211 247 4292 neue,
267 4209 349 4278 inde
375 4221 486 4278 antem
509 4233 530 4276 o
551 4207 712 4281 Caeimiro
739 4209 862 4295 Magno
897 4203 1031 4275 121845
1058 4203 1113 4293 jus

760 4298 850 4380 37*l
