<?xml version="1.0" encoding="UTF-8"?>
<!DOCTYPE html PUBLIC "-//W3C//DTD XHTML 1.0 Transitional//EN"
    "http://www.w3.org/TR/xhtml1/DTD/xhtml1-transitional.dtd">
<html xmlns="http://www.w3.org/1999/xhtml" xml:lang="en" lang="en">
 <head>
  <title>
</title>
<meta http-equiv="Content-Type" content="text/html;charset=utf-8" />
  <meta name='ocr-system' content='tesseract 3.04.00' />
  <meta name='ocr-capabilities' content='ocr_page ocr_carea ocr_par ocr_line ocrx_word'/>
</head>
<body>
  <div class='ocr_page' id='page_1' title='image "./miscellaneamaxi01seebgoog_0553.png"; bbox 0 0 2492 4636; ppageno 0'>
   <div class='ocr_carea' id='block_1_1' title="bbox 1007 287 1100 378">
    <p class='ocr_par' dir='ltr' id='par_1_1' title="bbox 1007 287 1100 378">
     <span class='ocr_line' id='line_1_1' title="bbox 1007 287 1100 378; baseline -0.032 -34"><span class='ocrx_word' id='word_1_1' title='bbox 1007 287 1065 344; x_wconf 74' lang='lat' dir='ltr'><strong>edd</strong></span> <span class='ocrx_word' id='word_1_2' title='bbox 1092 361 1100 378; x_wconf 23' lang='grc' dir='ltr'>κ</span> 
     </span>
    </p>
   </div>
   <div class='ocr_carea' id='block_1_2' title="bbox 15 431 1131 1582">
    <p class='ocr_par' dir='ltr' id='par_1_2' title="bbox 15 431 1071 696">
     <span class='ocr_line' id='line_1_2' title="bbox 15 431 1069 540; baseline -0.013 -22"><span class='ocrx_word' id='word_1_3' title='bbox 15 433 238 540; x_wconf 84' lang='lat' dir='ltr'><strong>udire·possitl</strong></span> <span class='ocrx_word' id='word_1_4' title='bbox 278 434 369 513; x_wconf 79' lang='lat' dir='ltr'><strong>Hinc</strong></span> <span class='ocrx_word' id='word_1_5' title='bbox 388 431 613 534; x_wconf 51' lang='lat' dir='ltr'><strong>malosophia,</strong></span> <span class='ocrx_word' id='word_1_6' title='bbox 646 441 708 508; x_wconf 82' lang='lat' dir='ltr'><strong>lux</strong></span> <span class='ocrx_word' id='word_1_7' title='bbox 730 439 886 514; x_wconf 59' lang='lat' dir='ltr'><strong>veritatis,</strong></span> <span class='ocrx_word' id='word_1_8' title='bbox 911 435 1069 526; x_wconf 61' lang='lat' dir='ltr'><strong>megistae</strong></span> 
     </span>
     <span class='ocr_line' id='line_1_3' title="bbox 15 512 1071 625; baseline -0.011 -25"><span class='ocrx_word' id='word_1_9' title='bbox 15 530 218 625; x_wconf 84' lang='lat' dir='ltr'><strong>uperstitionis</strong></span> <span class='ocrx_word' id='word_1_10' title='bbox 237 545 322 593; x_wconf 74' lang='lat' dir='ltr'><strong>ease&#39;</strong></span> <span class='ocrx_word' id='word_1_11' title='bbox 337 537 449 592; x_wconf 88' lang='lat' dir='ltr'><strong>coacta</strong></span> <span class='ocrx_word' id='word_1_12' title='bbox 476 533 541 593; x_wconf 77' lang='lat' dir='ltr'><strong>esti</strong></span> <span class='ocrx_word' id='word_1_13' title='bbox 582 525 672 590; x_wconf 88' lang='lat' dir='ltr'><strong>Hinc</strong></span> <span class='ocrx_word' id='word_1_14' title='bbox 700 539 876 610; x_wconf 85' lang='lat' dir='ltr'><strong>germanus</strong></span> <span class='ocrx_word' id='word_1_15' title='bbox 907 523 978 586; x_wconf 84' lang='lat' dir='ltr'><strong>eins</strong></span> <span class='ocrx_word' id='word_1_16' title='bbox 1003 512 1071 588; x_wconf 73' lang='lat' dir='ltr'><strong>stes·</strong></span> 
     </span>
     <span class='ocr_line' id='line_1_4' title="bbox 15 604 925 696; baseline -0.013 -14"><span class='ocrx_word' id='word_1_17' title='bbox 15 617 136 682; x_wconf 83' lang='lat' dir='ltr'><strong>tloetua</strong></span> <span class='ocrx_word' id='word_1_18' title='bbox 156 612 259 678; x_wconf 85' lang='lat' dir='ltr'><strong>veluti</strong></span> <span class='ocrx_word' id='word_1_19' title='bbox 286 604 340 674; x_wconf 86' lang='lat' dir='ltr'><strong>siti</strong></span> <span class='ocrx_word' id='word_1_20' title='bbox 363 619 503 674; x_wconf 78' lang='lat' dir='ltr'><strong>exaratus·</strong></span> <span class='ocrx_word' id='word_1_21' title='bbox 517 617 755 696; x_wconf 79' lang='lat' dir='ltr'><strong>repressasqne</strong></span> <span class='ocrx_word' id='word_1_22' title='bbox 777 604 925 670; x_wconf 76' lang='lat' dir='ltr'><strong>exaruit!</strong></span> 
     </span>
    </p>

    <p class='ocr_par' dir='ltr' id='par_1_3' title="bbox 15 686 1131 1582">
     <span class='ocr_line' id='line_1_5' title="bbox 61 686 1070 782; baseline -0.014 -16"><span class='ocrx_word' id='word_1_23' title='bbox 61 699 121 766; x_wconf 83' lang='lat' dir='ltr'><strong>sat</strong></span> <span class='ocrx_word' id='word_1_24' title='bbox 139 697 180 762; x_wconf 83' lang='lat' dir='ltr'><strong>att</strong></span> <span class='ocrx_word' id='word_1_25' title='bbox 193 691 398 782; x_wconf 71' lang='lat' dir='ltr'><strong>experientia</strong></span> <span class='ocrx_word' id='word_1_26' title='bbox 416 692 460 756; x_wconf 89' lang='lat' dir='ltr'><strong>ad</strong></span> <span class='ocrx_word' id='word_1_27' title='bbox 479 691 587 778; x_wconf 86' lang='lat' dir='ltr'><strong>ipsam</strong></span> <span class='ocrx_word' id='word_1_28' title='bbox 605 710 676 756; x_wconf 81' lang='lat' dir='ltr'><strong>rem</strong></span> <span class='ocrx_word' id='word_1_29' title='bbox 694 687 958 778; x_wconf 77' lang='lat' dir='ltr'><strong>progrediamur,</strong></span> <span class='ocrx_word' id='word_1_30' title='bbox 978 686 1070 756; x_wconf 83' lang='lat' dir='ltr'><strong>eins-</strong></span> 
     </span>
     <span class='ocr_line' id='line_1_6' title="bbox 15 770 1070 864; baseline -0.012 -18"><span class='ocrx_word' id='word_1_31' title='bbox 15 780 208 846; x_wconf 73' lang='lat' dir='ltr'><strong>rorationes</strong></span> <span class='ocrx_word' id='word_1_32' title='bbox 236 775 336 860; x_wconf 16' lang='lat' dir='ltr'><strong>altius!</strong></span> <span class='ocrx_word' id='word_1_33' title='bbox 353 786 554 864; x_wconf 76' lang='lat' dir='ltr'><strong>repetamus.</strong></span> <span class='ocrx_word' id='word_1_34' title='bbox 602 770 751 862; x_wconf 74' lang='lat' dir='ltr'><strong>Perleeta</strong></span> <span class='ocrx_word' id='word_1_35' title='bbox 771 770 914 838; x_wconf 72' lang='lat' dir='ltr'><strong>eruditio</strong></span> <span class='ocrx_word' id='word_1_36' title='bbox 939 789 983 835; x_wconf 84' lang='lat' dir='ltr'><strong>ex</strong></span> <span class='ocrx_word' id='word_1_37' title='bbox 1004 771 1070 834; x_wconf 81' lang='lat' dir='ltr'><strong>da-</strong></span> 
     </span>
     <span class='ocr_line' id='line_1_7' title="bbox 15 857 1071 946; baseline -0.013 -17"><span class='ocrx_word' id='word_1_38' title='bbox 15 865 61 930; x_wconf 78' lang='lat' dir='ltr'><strong>›liri</strong></span> <span class='ocrx_word' id='word_1_39' title='bbox 82 862 176 928; x_wconf 88' lang='lat' dir='ltr'><strong>laude</strong></span> <span class='ocrx_word' id='word_1_40' title='bbox 207 869 386 946; x_wconf 85' lang='lat' dir='ltr'><strong>spectatur,</strong></span> <span class='ocrx_word' id='word_1_41' title='bbox 418 857 522 922; x_wconf 84' lang='lat' dir='ltr'><strong>altera</strong></span> <span class='ocrx_word' id='word_1_42' title='bbox 546 869 672 936; x_wconf 79' lang='lat' dir='ltr'><strong>rerum,</strong></span> <span class='ocrx_word' id='word_1_43' title='bbox 706 877 790 944; x_wconf 85' lang='lat' dir='ltr'><strong>quae</strong></span> <span class='ocrx_word' id='word_1_44' title='bbox 817 859 1071 944; x_wconf 78' lang='lat' dir='ltr'><strong>cognoscuntur,</strong></span> 
     </span>
     <span class='ocr_line' id='line_1_8' title="bbox 15 934 1071 1034; baseline -0.011 -24"><span class='ocrx_word' id='word_1_45' title='bbox 15 947 74 1034; x_wconf 87' lang='lat' dir='ltr'><strong>apia</strong></span> <span class='ocrx_word' id='word_1_46' title='bbox 92 955 190 1032; x_wconf 85' lang='lat' dir='ltr'><strong>atque</strong></span> <span class='ocrx_word' id='word_1_47' title='bbox 204 941 415 1034; x_wconf 76' lang='lat' dir='ltr'><strong>praestantia,</strong></span> <span class='ocrx_word' id='word_1_48' title='bbox 434 939 538 1004; x_wconf 78' lang='lat' dir='ltr'><strong>alter-a</strong></span> <span class='ocrx_word' id='word_1_49' title='bbox 557 939 754 1026; x_wconf 79' lang='lat' dir='ltr'><strong>cognitionis</strong></span> <span class='ocrx_word' id='word_1_50' title='bbox 770 937 874 1026; x_wconf 87' lang='lat' dir='ltr'><strong>ipsius</strong></span> <span class='ocrx_word' id='word_1_51' title='bbox 889 934 1071 1001; x_wconf 75' lang='lat' dir='ltr'><strong>subtilitate</strong></span> 
     </span>
     <span class='ocr_line' id='line_1_9' title="bbox 16 1013 1072 1108; baseline -0.011 -15"><span class='ocrx_word' id='word_1_52' title='bbox 16 1027 196 1093; x_wconf 78' lang='lat' dir='ltr'><strong>sterilitate.</strong></span> <span class='ocrx_word' id='word_1_53' title='bbox 225 1021 326 1092; x_wconf 88' lang='lat' dir='ltr'><strong>.Nam</strong></span> <span class='ocrx_word' id='word_1_54' title='bbox 347 1031 380 1087; x_wconf 88' lang='lat' dir='ltr'><strong>et</strong></span> <span class='ocrx_word' id='word_1_55' title='bbox 398 1041 513 1088; x_wconf 76' lang='lat' dir='ltr'><strong>rerum</strong></span> <span class='ocrx_word' id='word_1_56' title='bbox 536 1021 697 1104; x_wconf 89' lang='lat' dir='ltr'><strong>omnium,</strong></span> <span class='ocrx_word' id='word_1_57' title='bbox 721 1043 806 1108; x_wconf 86' lang='lat' dir='ltr'><strong>quae</strong></span> <span class='ocrx_word' id='word_1_58' title='bbox 826 1019 962 1108; x_wconf 88' lang='lat' dir='ltr'><strong>quidem</strong></span> <span class='ocrx_word' id='word_1_59' title='bbox 976 1013 1072 1082; x_wconf 70' lang='lat' dir='ltr'><strong>utali-</strong></span> 
     </span>
     <span class='ocr_line' id='line_1_10' title="bbox 15 1098 1053 1194; baseline -0.011 -20"><span class='ocrx_word' id='word_1_60' title='bbox 15 1123 79 1174; x_wconf 81' lang='lat' dir='ltr'><strong>stam</strong></span> <span class='ocrx_word' id='word_1_61' title='bbox 97 1119 195 1194; x_wconf 85' lang='lat' dir='ltr'><strong>atque</strong></span> <span class='ocrx_word' id='word_1_62' title='bbox 216 1113 449 1170; x_wconf 71' lang='lat' dir='ltr'><strong>casamentum</strong></span> <span class='ocrx_word' id='word_1_63' title='bbox 470 1101 628 1186; x_wconf 78' lang='lat' dir='ltr'><strong>afferant,</strong></span> <span class='ocrx_word' id='word_1_64' title='bbox 660 1103 803 1192; x_wconf 79' lang='lat' dir='ltr'><strong>cognitio</strong></span> <span class='ocrx_word' id='word_1_65' title='bbox 822 1103 938 1168; x_wconf 84' lang='lat' dir='ltr'><strong>adesse</strong></span> <span class='ocrx_word' id='word_1_66' title='bbox 952 1098 1053 1164; x_wconf 86' lang='lat' dir='ltr'><strong>debet</strong></span> 
     </span>
     <span class='ocr_line' id='line_1_11' title="bbox 17 1185 1033 1273; baseline -0.009 -16"><span class='ocrx_word' id='word_1_67' title='bbox 17 1201 100 1257; x_wconf 76' lang='lat' dir='ltr'><strong>t&#39;eaus</strong></span> <span class='ocrx_word' id='word_1_68' title='bbox 118 1191 154 1255; x_wconf 82' lang='lat' dir='ltr'><strong>in</strong></span> <span class='ocrx_word' id='word_1_69' title='bbox 175 1199 288 1254; x_wconf 88' lang='lat' dir='ltr'><strong>mente</strong></span> <span class='ocrx_word' id='word_1_70' title='bbox 310 1206 379 1252; x_wconf 90' lang='lat' dir='ltr'><strong>nou</strong></span> <span class='ocrx_word' id='word_1_71' title='bbox 398 1187 596 1273; x_wconf 87' lang='lat' dir='ltr'><strong>indigestam</strong></span> <span class='ocrx_word' id='word_1_72' title='bbox 618 1197 651 1251; x_wconf 91' lang='lat' dir='ltr'><strong>et</strong></span> <span class='ocrx_word' id='word_1_73' title='bbox 670 1185 842 1252; x_wconf 76' lang='lat' dir='ltr'><strong>confusam</strong></span> <span class='ocrx_word' id='word_1_74' title='bbox 861 1185 980 1264; x_wconf 83' lang='lat' dir='ltr'><strong>iacere,</strong></span> <span class='ocrx_word' id='word_1_75' title='bbox 1012 1205 1033 1248; x_wconf 86' lang='lat' dir='ltr'><strong>a</strong></span> 
     </span>
     <span class='ocr_line' id='line_1_12' title="bbox 15 1265 1071 1356; baseline -0.004 -16"><span class='ocrx_word' id='word_1_76' title='bbox 15 1285 101 1340; x_wconf 72' lang='lat' dir='ltr'><strong>sarto</strong></span> <span class='ocrx_word' id='word_1_77' title='bbox 121 1283 219 1338; x_wconf 89' lang='lat' dir='ltr'><strong>motu</strong></span> <span class='ocrx_word' id='word_1_78' title='bbox 239 1270 409 1348; x_wconf 74' lang='lat' dir='ltr'><strong>fluctuare.</strong></span> <span class='ocrx_word' id='word_1_79' title='bbox 446 1269 505 1336; x_wconf 87' lang='lat' dir='ltr'><strong>aed</strong></span> <span class='ocrx_word' id='word_1_80' title='bbox 528 1279 618 1335; x_wconf 86' lang='lat' dir='ltr'><strong>certa</strong></span> <span class='ocrx_word' id='word_1_81' title='bbox 643 1269 722 1334; x_wconf 85' lang='lat' dir='ltr'><strong>sede</strong></span> <span class='ocrx_word' id='word_1_82' title='bbox 745 1265 858 1342; x_wconf 80' lang='lat' dir='ltr'><strong>lixam,</strong></span> <span class='ocrx_word' id='word_1_83' title='bbox 894 1265 1071 1356; x_wconf 74' lang='lat' dir='ltr'><strong>diligenter</strong></span> 
     </span>
     <span class='ocr_line' id='line_1_13' title="bbox 17 1349 1071 1444; baseline -0.006 -23"><span class='ocrx_word' id='word_1_84' title='bbox 17 1354 192 1422; x_wconf 83' lang='lat' dir='ltr'><strong>dscimtiae</strong></span> <span class='ocrx_word' id='word_1_85' title='bbox 211 1353 365 1418; x_wconf 77' lang='lat' dir='ltr'><strong>ordinem</strong></span> <span class='ocrx_word' id='word_1_86' title='bbox 385 1351 580 1444; x_wconf 80' lang='lat' dir='ltr'><strong>dispositam</strong></span> <span class='ocrx_word' id='word_1_87' title='bbox 602 1359 635 1416; x_wconf 90' lang='lat' dir='ltr'><strong>et</strong></span> <span class='ocrx_word' id='word_1_88' title='bbox 660 1353 701 1416; x_wconf 90' lang='lat' dir='ltr'><strong>ad</strong></span> <span class='ocrx_word' id='word_1_89' title='bbox 723 1351 870 1416; x_wconf 86' lang='lat' dir='ltr'><strong>veritatis</strong></span> <span class='ocrx_word' id='word_1_90' title='bbox 893 1349 1071 1436; x_wconf 67' lang='lat' dir='ltr'><strong>legreex·</strong></span> 
     </span>
     <span class='ocr_line' id='line_1_14' title="bbox 15 1433 1131 1582; baseline -0.004 -80"><span class='ocrx_word' id='word_1_91' title='bbox 15 1451 83 1504; x_wconf 82' lang='lat' dir='ltr'><strong>stam</strong></span> <span class='ocrx_word' id='word_1_92' title='bbox 99 1459 167 1502; x_wconf 90' lang='lat' dir='ltr'><strong>esse</strong></span> <span class='ocrx_word' id='word_1_93' title='bbox 188 1445 339 1582; x_wconf 48' lang='lat' dir='ltr'><strong>oportet?</strong></span> <span class='ocrx_word' id='word_1_94' title='bbox 358 1459 410 1516; x_wconf 87' lang='lat' dir='ltr'><strong>ne,</strong></span> <span class='ocrx_word' id='word_1_95' title='bbox 431 1457 507 1499; x_wconf 89' lang='lat' dir='ltr'><strong>rum</strong></span> <span class='ocrx_word' id='word_1_96' title='bbox 529 1457 550 1498; x_wconf 93' lang='lat' dir='ltr'><strong>o</strong></span> <span class='ocrx_word' id='word_1_97' title='bbox 574 1457 613 1498; x_wconf 88' lang='lat' dir='ltr'><strong>us</strong></span> <span class='ocrx_word' id='word_1_98' title='bbox 634 1445 691 1509; x_wconf 89' lang='lat' dir='ltr'><strong>est,</strong></span> <span class='ocrx_word' id='word_1_99' title='bbox 709 1457 763 1499; x_wconf 88' lang='lat' dir='ltr'><strong>res</strong></span> <span class='ocrx_word' id='word_1_100' title='bbox 783 1433 840 1500; x_wconf 89' lang='lat' dir='ltr'><strong>diu</strong></span> <span class='ocrx_word' id='word_1_101' title='bbox 863 1433 1072 1520; x_wconf 78' lang='lat' dir='ltr'><strong>quaerendae</strong></span> <span class='ocrx_word' id='word_1_102' title='bbox 1123 1459 1131 1474; x_wconf 71' lang='grc'><strong>’</strong></span> 
     </span>
    </p>
   </div>
   <div class='ocr_carea' id='block_1_3' title="bbox 15 1515 1070 1602">
    <p class='ocr_par' dir='ltr' id='par_1_4' title="bbox 15 1515 1070 1602">
     <span class='ocr_line' id='line_1_15' title="bbox 15 1515 1070 1602; baseline -0.003 -16"><span class='ocrx_word' id='word_1_103' title='bbox 15 1545 31 1586; x_wconf 86' lang='grc' dir='ltr'><strong>ιι</strong></span> <span class='ocrx_word' id='word_1_104' title='bbox 45 1519 134 1585; x_wconf 91' lang='lat' dir='ltr'><strong>veluti</strong></span> <span class='ocrx_word' id='word_1_105' title='bbox 159 1519 258 1584; x_wconf 87' lang='lat' dir='ltr'><strong>tardo</strong></span> <span class='ocrx_word' id='word_1_106' title='bbox 279 1517 320 1583; x_wconf 89' lang='lat' dir='ltr'><strong>de</strong></span> <span class='ocrx_word' id='word_1_107' title='bbox 335 1527 408 1582; x_wconf 88' lang='lat' dir='ltr'><strong>ectu</strong></span> <span class='ocrx_word' id='word_1_108' title='bbox 428 1537 555 1582; x_wconf 85' lang='lat' dir='ltr'><strong>conscrs</strong></span> <span class='ocrx_word' id='word_1_109' title='bbox 600 1515 686 1581; x_wconf 87' lang='lat' dir='ltr'><strong>udae</strong></span> <span class='ocrx_word' id='word_1_110' title='bbox 705 1516 779 1602; x_wconf 86' lang='lat' dir='ltr'><strong>sint,</strong></span> <span class='ocrx_word' id='word_1_111' title='bbox 806 1515 864 1581; x_wconf 87' lang='lat' dir='ltr'><strong>sed</strong></span> <span class='ocrx_word' id='word_1_112' title='bbox 885 1519 926 1582; x_wconf 90' lang='lat' dir='ltr'><strong>ad</strong></span> <span class='ocrx_word' id='word_1_113' title='bbox 948 1528 1070 1584; x_wconf 88' lang='lat' dir='ltr'><strong>nutum</strong></span> 
     </span>
    </p>
   </div>
   <div class='ocr_carea' id='block_1_4' title="bbox 15 1596 1192 1672">
    <p class='ocr_par' dir='ltr' id='par_1_5' title="bbox 15 1596 1192 1672">
     <span class='ocr_line' id='line_1_16' title="bbox 15 1596 1192 1672; baseline -0.003 -5"><span class='ocrx_word' id='word_1_114' title='bbox 15 1602 94 1668; x_wconf 84' lang='lat' dir='ltr'><strong>sertis</strong></span> <span class='ocrx_word' id='word_1_115' title='bbox 119 1597 272 1666; x_wconf 88' lang='lat' dir='ltr'><strong>celeriter</strong></span> <span class='ocrx_word' id='word_1_116' title='bbox 299 1621 337 1664; x_wconf 87' lang='lat' dir='ltr'><strong>ae</strong></span> <span class='ocrx_word' id='word_1_117' title='bbox 369 1601 548 1666; x_wconf 83' lang='lat' dir='ltr'><strong>instructae</strong></span> <span class='ocrx_word' id='word_1_118' title='bbox 579 1600 744 1667; x_wconf 78' lang='lat' dir='ltr'><strong>advolent.</strong></span> <span class='ocrx_word' id='word_1_119' title='bbox 803 1599 898 1666; x_wconf 89' lang='lat' dir='ltr'><strong>Haec</strong></span> <span class='ocrx_word' id='word_1_120' title='bbox 930 1596 1072 1672; x_wconf 84' lang='lat' dir='ltr'><strong>felicitas</strong></span> <span class='ocrx_word' id='word_1_121' title='bbox 1187 1635 1192 1648; x_wconf 87' lang='lat'>·</span> 
     </span>
    </p>
   </div>
   <div class='ocr_carea' id='block_1_5' title="bbox 15 1681 1152 3490">
    <p class='ocr_par' dir='ltr' id='par_1_6' title="bbox 15 1681 1152 2100">
     <span class='ocr_line' id='line_1_17' title="bbox 15 1681 1068 1772; baseline 0 -24"><span class='ocrx_word' id='word_1_122' title='bbox 15 1683 141 1770; x_wconf 56' lang='lat' dir='ltr'><strong>promodo</strong></span> <span class='ocrx_word' id='word_1_123' title='bbox 170 1691 216 1747; x_wconf 84' lang='lat' dir='ltr'><strong>eit</strong></span> <span class='ocrx_word' id='word_1_124' title='bbox 243 1682 467 1771; x_wconf 85' lang='lat' dir='ltr'><strong>comparanda</strong></span> <span class='ocrx_word' id='word_1_125' title='bbox 494 1683 677 1748; x_wconf 86' lang='lat' dir='ltr'><strong>videamus.</strong></span> <span class='ocrx_word' id='word_1_126' title='bbox 739 1681 844 1772; x_wconf 87' lang='lat' dir='ltr'><strong>Atqui</strong></span> <span class='ocrx_word' id='word_1_127' title='bbox 865 1681 950 1746; x_wconf 85' lang='lat' dir='ltr'><strong>sevit</strong></span> <span class='ocrx_word' id='word_1_128' title='bbox 973 1681 1068 1748; x_wconf 73' lang='lat' dir='ltr'><strong>Dens</strong></span> 
     </span>
     <span class='ocr_line' id='line_1_18' title="bbox 15 1763 1089 1854; baseline 0 -24"><span class='ocrx_word' id='word_1_129' title='bbox 15 1791 28 1830; x_wconf 93' lang='grc' dir='ltr'><strong>ιι</strong></span> <span class='ocrx_word' id='word_1_130' title='bbox 44 1776 154 1831; x_wconf 88' lang='lat' dir='ltr'><strong>mentes</strong></span> <span class='ocrx_word' id='word_1_131' title='bbox 182 1774 315 1832; x_wconf 84' lang='lat' dir='ltr'><strong>nostrae</strong></span> <span class='ocrx_word' id='word_1_132' title='bbox 344 1763 513 1837; x_wconf 89' lang='lat' dir='ltr'><strong>omnium,</strong></span> <span class='ocrx_word' id='word_1_133' title='bbox 553 1785 634 1854; x_wconf 87' lang='lat' dir='ltr'><strong>quas</strong></span> <span class='ocrx_word' id='word_1_134' title='bbox 665 1764 799 1851; x_wconf 90' lang='lat' dir='ltr'><strong>quidem</strong></span> <span class='ocrx_word' id='word_1_135' title='bbox 825 1787 889 1854; x_wconf 86' lang='lat' dir='ltr'><strong>per</strong></span> <span class='ocrx_word' id='word_1_136' title='bbox 916 1775 1089 1830; x_wconf 80' lang='lat' dir='ltr'><strong>natmam‘</strong></span> 
     </span>
     <span class='ocr_line' id='line_1_19' title="bbox 15 1845 1093 1948; baseline 0.002 -36"><span class='ocrx_word' id='word_1_137' title='bbox 15 1869 94 1938; x_wconf 83' lang='lat' dir='ltr'><strong>apere</strong></span> <span class='ocrx_word' id='word_1_138' title='bbox 110 1846 291 1948; x_wconf 86' lang='lat' dir='ltr'><strong>potuimus,</strong></span> <span class='ocrx_word' id='word_1_139' title='bbox 326 1845 552 1912; x_wconf 78' lang='lat' dir='ltr'><strong>doctrinarum</strong></span> <span class='ocrx_word' id='word_1_140' title='bbox 574 1845 720 1930; x_wconf 80' lang='lat' dir='ltr'><strong>semiua3</strong></span> <span class='ocrx_word' id='word_1_141' title='bbox 758 1848 908 1914; x_wconf 78' lang='lat' dir='ltr'><strong>utnulla</strong></span> <span class='ocrx_word' id='word_1_142' title='bbox 928 1845 999 1912; x_wconf 88' lang='lat' dir='ltr'><strong>fere</strong></span> <span class='ocrx_word' id='word_1_143' title='bbox 1028 1846 1093 1915; x_wconf 86' lang='lat' dir='ltr'><strong>sit·</strong></span> 
     </span>
     <span class='ocr_line' id='line_1_20' title="bbox 15 1924 1152 2022; baseline -0.002 -27"><span class='ocrx_word' id='word_1_144' title='bbox 15 1955 42 1995; x_wconf 82' lang='lat' dir='ltr'><strong>aa</strong></span> <span class='ocrx_word' id='word_1_145' title='bbox 57 1941 143 2012; x_wconf 87' lang='lat' dir='ltr'><strong>atquc</strong></span> <span class='ocrx_word' id='word_1_146' title='bbox 158 1929 298 1996; x_wconf 83' lang='lat' dir='ltr'><strong>scientia</strong></span> <span class='ocrx_word' id='word_1_147' title='bbox 318 1929 403 1994; x_wconf 87' lang='lat' dir='ltr'><strong>adeo</strong></span> <span class='ocrx_word' id='word_1_148' title='bbox 424 1929 566 1996; x_wconf 86' lang='lat' dir='ltr'><strong>difficilis</strong></span> <span class='ocrx_word' id='word_1_149' title='bbox 586 1939 620 1994; x_wconf 83' lang='lat' dir='ltr'><strong>ot</strong></span> <span class='ocrx_word' id='word_1_150' title='bbox 636 1924 816 2022; x_wconf 85' lang='lat' dir='ltr'><strong>recpudita‚</strong></span> <span class='ocrx_word' id='word_1_151' title='bbox 840 1929 919 2016; x_wconf 91' lang='lat' dir='ltr'><strong>quin</strong></span> <span class='ocrx_word' id='word_1_152' title='bbox 938 1947 981 1994; x_wconf 88' lang='lat' dir='ltr'><strong>ex</strong></span> <span class='ocrx_word' id='word_1_153' title='bbox 1003 1927 1069 1996; x_wconf 87' lang='lat' dir='ltr'><strong>lm-</strong></span> <span class='ocrx_word' id='word_1_154' title='bbox 1149 2010 1152 2016; x_wconf 23' lang='lat'>¹</span> 
     </span>
     <span class='ocr_line' id='line_1_21' title="bbox 15 2009 1070 2100; baseline 0.003 -24"><span class='ocrx_word' id='word_1_155' title='bbox 15 2013 71 2076; x_wconf 83' lang='lat' dir='ltr'><strong>rani</strong></span> <span class='ocrx_word' id='word_1_156' title='bbox 86 2013 205 2100; x_wconf 80' lang='lat' dir='ltr'><strong>ingenii</strong></span> <span class='ocrx_word' id='word_1_157' title='bbox 226 2023 346 2096; x_wconf 85' lang='lat' dir='ltr'><strong>segete,</strong></span> <span class='ocrx_word' id='word_1_158' title='bbox 382 2009 411 2074; x_wconf 86' lang='lat' dir='ltr'><strong>ai</strong></span> <span class='ocrx_word' id='word_1_159' title='bbox 435 2022 526 2076; x_wconf 86' lang='lat' dir='ltr'><strong>recte</strong></span> <span class='ocrx_word' id='word_1_160' title='bbox 542 2013 680 2090; x_wconf 85' lang='lat' dir='ltr'><strong>colatur,</strong></span> <span class='ocrx_word' id='word_1_161' title='bbox 720 2033 934 2100; x_wconf 86' lang='lat' dir='ltr'><strong>procrescere</strong></span> <span class='ocrx_word' id='word_1_162' title='bbox 953 2011 1070 2100; x_wconf 85' lang='lat' dir='ltr'><strong>possit.</strong></span> 
     </span>
    </p>

    <p class='ocr_par' dir='ltr' id='par_1_7' title="bbox 15 2091 1086 3490">
     <span class='ocr_line' id='line_1_22' title="bbox 15 2091 1070 2182; baseline 0.001 -24"><span class='ocrx_word' id='word_1_163' title='bbox 15 2098 73 2158; x_wconf 83' lang='lat' dir='ltr'><strong>laec</strong></span> <span class='ocrx_word' id='word_1_164' title='bbox 99 2095 200 2182; x_wconf 83' lang='lat' dir='ltr'><strong>igitur</strong></span> <span class='ocrx_word' id='word_1_165' title='bbox 220 2094 348 2159; x_wconf 85' lang='lat' dir='ltr'><strong>aomina</strong></span> <span class='ocrx_word' id='word_1_166' title='bbox 367 2113 410 2158; x_wconf 89' lang='lat' dir='ltr'><strong>ne</strong></span> <span class='ocrx_word' id='word_1_167' title='bbox 428 2095 598 2182; x_wconf 84' lang='lat' dir='ltr'><strong>consopita</strong></span> <span class='ocrx_word' id='word_1_168' title='bbox 616 2105 765 2182; x_wconf 83' lang='lat' dir='ltr'><strong>pereant,</strong></span> <span class='ocrx_word' id='word_1_169' title='bbox 803 2095 861 2161; x_wconf 85' lang='lat' dir='ltr'><strong>aed</strong></span> <span class='ocrx_word' id='word_1_170' title='bbox 880 2115 977 2166; x_wconf 83' lang='lat' dir='ltr'><strong>suum</strong></span> <span class='ocrx_word' id='word_1_171' title='bbox 994 2091 1070 2159; x_wconf 79' lang='lat' dir='ltr'><strong>frn-</strong></span> 
     </span>
     <span class='ocr_line' id='line_1_23' title="bbox 15 2173 1069 2264; baseline 0.002 -24"><span class='ocrx_word' id='word_1_172' title='bbox 15 2177 119 2244; x_wconf 82' lang='lat' dir='ltr'><strong>tnnsiu</strong></span> <span class='ocrx_word' id='word_1_173' title='bbox 144 2179 256 2243; x_wconf 91' lang='lat' dir='ltr'><strong>lucem</strong></span> <span class='ocrx_word' id='word_1_174' title='bbox 277 2175 458 2264; x_wconf 79' lang='lat' dir='ltr'><strong>proferant,</strong></span> <span class='ocrx_word' id='word_1_175' title='bbox 494 2177 600 2242; x_wconf 83' lang='lat' dir='ltr'><strong>hoco</strong></span> <span class='ocrx_word' id='word_1_176' title='bbox 649 2197 675 2255; x_wconf 85' lang='lat' dir='ltr'><strong>s,</strong></span> <span class='ocrx_word' id='word_1_177' title='bbox 705 2173 761 2241; x_wconf 89' lang='lat' dir='ltr'><strong>hic</strong></span> <span class='ocrx_word' id='word_1_178' title='bbox 781 2175 877 2243; x_wconf 88' lang='lat' dir='ltr'><strong>labor</strong></span> <span class='ocrx_word' id='word_1_179' title='bbox 899 2189 959 2246; x_wconf 90' lang='lat' dir='ltr'><strong>est.</strong></span> <span class='ocrx_word' id='word_1_180' title='bbox 1001 2173 1069 2244; x_wconf 84' lang='lat' dir='ltr'><strong>sed</strong></span> 
     </span>
     <span class='ocr_line' id='line_1_24' title="bbox 15 2196 1069 2350; baseline 0.005 -30"><span class='ocrx_word' id='word_1_181' title='bbox 15 2260 36 2322; x_wconf 91' lang='grc' dir='ltr'><strong>ιιΙ</strong></span> <span class='ocrx_word' id='word_1_182' title='bbox 53 2263 89 2324; x_wconf 90' lang='lat' dir='ltr'><strong>&#39;ea</strong></span> <span class='ocrx_word' id='word_1_183' title='bbox 119 2259 294 2324; x_wconf 78' lang='lat' dir='ltr'><strong>excitanda</strong></span> <span class='ocrx_word' id='word_1_184' title='bbox 337 2278 517 2345; x_wconf 80' lang='lat' dir='ltr'><strong>quamnam</strong></span> <span class='ocrx_word' id='word_1_185' title='bbox 559 2196 791 2324; x_wconf 77' lang='lat' dir='ltr'><strong>adllbsbimus</strong></span> <span class='ocrx_word' id='word_1_186' title='bbox 836 2256 1069 2350; x_wconf 73' lang='lat' dir='ltr'><strong>disciplinam?</strong></span> 
     </span>
     <span class='ocr_line' id='line_1_25' title="bbox 16 2339 1086 2433; baseline 0.002 -29"><span class='ocrx_word' id='word_1_187' title='bbox 16 2341 102 2406; x_wconf 83' lang='lat' dir='ltr'><strong>lirant</strong></span> <span class='ocrx_word' id='word_1_188' title='bbox 123 2342 335 2407; x_wconf 81' lang='lat' dir='ltr'><strong>utilissimam</strong></span> <span class='ocrx_word' id='word_1_189' title='bbox 359 2361 434 2405; x_wconf 86' lang='lat' dir='ltr'><strong>esse</strong></span> <span class='ocrx_word' id='word_1_190' title='bbox 451 2341 638 2422; x_wconf 79' lang='lat' dir='ltr'><strong>Mathesin3</strong></span> <span class='ocrx_word' id='word_1_191' title='bbox 664 2339 766 2416; x_wconf 72' lang='lat' dir='ltr'><strong>hanc</strong></span> <span class='ocrx_word' id='word_1_192' title='bbox 792 2341 1086 2433; x_wconf 67' lang='lat' dir='ltr'><strong>igitu1·experia-,</strong></span> 
     </span>
     <span class='ocr_line' id='line_1_26' title="bbox 16 2421 1069 2570; baseline 0.006 -86"><span class='ocrx_word' id='word_1_193' title='bbox 16 2445 71 2486; x_wconf 85' lang='lat' dir='ltr'><strong>nur.</strong></span> <span class='ocrx_word' id='word_1_194' title='bbox 90 2425 147 2503; x_wconf 88' lang='lat' dir='ltr'><strong>En,</strong></span> <span class='ocrx_word' id='word_1_195' title='bbox 168 2423 348 2488; x_wconf 83' lang='lat' dir='ltr'><strong>didicimus</strong></span> <span class='ocrx_word' id='word_1_196' title='bbox 369 2423 550 2489; x_wconf 78' lang='lat' dir='ltr'><strong>Mathesin:</strong></span> <span class='ocrx_word' id='word_1_197' title='bbox 581 2421 673 2570; x_wconf 49' lang='lat' dir='ltr'><strong>guid</strong></span> <span class='ocrx_word' id='word_1_198' title='bbox 691 2445 730 2488; x_wconf 88' lang='lat' dir='ltr'><strong>ea</strong></span> <span class='ocrx_word' id='word_1_199' title='bbox 750 2425 913 2492; x_wconf 83' lang='lat' dir='ltr'><strong>consecuti</strong></span> <span class='ocrx_word' id='word_1_200' title='bbox 934 2423 1069 2490; x_wconf 71' lang='lat' dir='ltr'><strong>sumus?</strong></span> 
     </span>
     <span class='ocr_line' id='line_1_27' title="bbox 16 2493 1072 2599; baseline 0.003 -30"><span class='ocrx_word' id='word_1_201' title='bbox 16 2507 260 2570; x_wconf 72' lang='lat' dir='ltr'><strong>desuetudinem</strong></span> <span class='ocrx_word' id='word_1_202' title='bbox 286 2505 515 2572; x_wconf 80' lang='lat' dir='ltr'><strong>contranimus</strong></span> <span class='ocrx_word' id='word_1_203' title='bbox 551 2525 591 2570; x_wconf 86' lang='lat' dir='ltr'><strong>or</strong></span> <span class='ocrx_word' id='word_1_204' title='bbox 612 2503 669 2571; x_wconf 80' lang='lat' dir='ltr'><strong>¹ine</strong></span> <span class='ocrx_word' id='word_1_205' title='bbox 704 2509 917 2599; x_wconf 81' lang='lat' dir='ltr'><strong>cogitationes</strong></span> <span class='ocrx_word' id='word_1_206' title='bbox 953 2493 1072 2596; x_wconf 76' lang='lat' dir='ltr'><strong>dispi-</strong></span> 
     </span>
     <span class='ocr_line' id='line_1_28' title="bbox 16 2585 1070 2680; baseline 0.007 -33"><span class='ocrx_word' id='word_1_207' title='bbox 16 2589 90 2670; x_wconf 81' lang='lat' dir='ltr'><strong>aendi‚</strong></span> <span class='ocrx_word' id='word_1_208' title='bbox 119 2599 151 2653; x_wconf 91' lang='lat' dir='ltr'><strong>et</strong></span> <span class='ocrx_word' id='word_1_209' title='bbox 170 2589 303 2652; x_wconf 87' lang='lat' dir='ltr'><strong>ratione</strong></span> <span class='ocrx_word' id='word_1_210' title='bbox 322 2609 360 2652; x_wconf 88' lang='lat' dir='ltr'><strong>ac</strong></span> <span class='ocrx_word' id='word_1_211' title='bbox 378 2585 434 2652; x_wconf 85' lang='lat' dir='ltr'><strong>via</strong></span> <span class='ocrx_word' id='word_1_212' title='bbox 461 2587 657 2668; x_wconf 61' lang='lat' dir='ltr'><strong>disserendi.</strong></span> <span class='ocrx_word' id='word_1_213' title='bbox 690 2591 778 2678; x_wconf 85' lang='lat' dir='ltr'><strong>quod</strong></span> <span class='ocrx_word' id='word_1_214' title='bbox 792 2590 942 2680; x_wconf 87' lang='lat' dir='ltr'><strong>profecto</strong></span> <span class='ocrx_word' id='word_1_215' title='bbox 957 2590 1070 2655; x_wconf 82' lang='lat' dir='ltr'><strong>maxi-</strong></span> 
     </span>
     <span class='ocr_line' id='line_1_29' title="bbox 17 2669 1070 2758; baseline 0.005 -28"><span class='ocrx_word' id='word_1_216' title='bbox 17 2691 77 2734; x_wconf 86' lang='lat' dir='ltr'><strong>rum</strong></span> <span class='ocrx_word' id='word_1_217' title='bbox 94 2681 156 2750; x_wconf 80' lang='lat' dir='ltr'><strong>est3</strong></span> <span class='ocrx_word' id='word_1_218' title='bbox 187 2671 246 2735; x_wconf 88' lang='lat' dir='ltr'><strong>sed</strong></span> <span class='ocrx_word' id='word_1_219' title='bbox 269 2669 368 2734; x_wconf 88' lang='lat' dir='ltr'><strong>aliam</strong></span> <span class='ocrx_word' id='word_1_220' title='bbox 387 2681 558 2758; x_wconf 87' lang='lat' dir='ltr'><strong>praeterea</strong></span> <span class='ocrx_word' id='word_1_221' title='bbox 579 2671 751 2736; x_wconf 89' lang='lat' dir='ltr'><strong>scientiam</strong></span> <span class='ocrx_word' id='word_1_222' title='bbox 773 2683 900 2738; x_wconf 87' lang='lat' dir='ltr'><strong>tantum</strong></span> <span class='ocrx_word' id='word_1_223' title='bbox 921 2673 1012 2738; x_wconf 84' lang='lat' dir='ltr'><strong>abest</strong></span> <span class='ocrx_word' id='word_1_224' title='bbox 1033 2681 1070 2736; x_wconf 92' lang='lat' dir='ltr'><strong>nt</strong></span> 
     </span>
     <span class='ocr_line' id='line_1_30' title="bbox 17 2751 1069 2842; baseline 0.004 -30"><span class='ocrx_word' id='word_1_225' title='bbox 17 2751 92 2838; x_wconf 85' lang='lat' dir='ltr'><strong>ulepti</strong></span> <span class='ocrx_word' id='word_1_226' title='bbox 111 2753 222 2832; x_wconf 84' lang='lat' dir='ltr'><strong>simus,</strong></span> <span class='ocrx_word' id='word_1_227' title='bbox 261 2763 299 2816; x_wconf 88' lang='lat' dir='ltr'><strong>ut</strong></span> <span class='ocrx_word' id='word_1_228' title='bbox 318 2752 428 2841; x_wconf 91' lang='lat' dir='ltr'><strong>potius</strong></span> <span class='ocrx_word' id='word_1_229' title='bbox 449 2752 485 2816; x_wconf 88' lang='lat' dir='ltr'><strong>in</strong></span> <span class='ocrx_word' id='word_1_230' title='bbox 506 2753 730 2842; x_wconf 87' lang='lat' dir='ltr'><strong>plurimarum</strong></span> <span class='ocrx_word' id='word_1_231' title='bbox 749 2755 1069 2840; x_wconf 83' lang='lat' dir='ltr'><strong>utilissimarumque</strong></span> 
     </span>
     <span class='ocr_line' id='line_1_31' title="bbox 17 2833 1070 2924; baseline 0.007 -31"><span class='ocrx_word' id='word_1_232' title='bbox 17 2855 91 2898; x_wconf 74' lang='grc' dir='ltr'><strong>,ιιιιιιι</strong></span> <span class='ocrx_word' id='word_1_233' title='bbox 117 2834 322 2922; x_wconf 84' lang='lat' dir='ltr'><strong>ignoratione</strong></span> <span class='ocrx_word' id='word_1_234' title='bbox 348 2853 532 2900; x_wconf 77' lang='lat' dir='ltr'><strong>versemur.</strong></span> <span class='ocrx_word' id='word_1_235' title='bbox 573 2833 687 2920; x_wconf 81' lang='lat' dir='ltr'><strong>Quare</strong></span> <span class='ocrx_word' id='word_1_236' title='bbox 715 2835 874 2924; x_wconf 88' lang='lat' dir='ltr'><strong>Logicam</strong></span> <span class='ocrx_word' id='word_1_237' title='bbox 902 2847 935 2902; x_wconf 89' lang='lat' dir='ltr'><strong>et</strong></span> <span class='ocrx_word' id='word_1_238' title='bbox 959 2835 1070 2902; x_wconf 89' lang='lat' dir='ltr'><strong>Meta-</strong></span> 
     </span>
     <span class='ocr_line' id='line_1_32' title="bbox 17 2915 1070 3006; baseline 0.001 -28"><span class='ocrx_word' id='word_1_239' title='bbox 17 2915 144 3000; x_wconf 73' lang='lat' dir='ltr'><strong>rhpsicam</strong></span> <span class='ocrx_word' id='word_1_240' title='bbox 163 2918 353 2982; x_wconf 58' lang='lat' dir='ltr'><strong>adeamus*</strong></span> <span class='ocrx_word' id='word_1_241' title='bbox 379 2917 432 2984; x_wconf 89' lang='lat' dir='ltr'><strong>Ae</strong></span> <span class='ocrx_word' id='word_1_242' title='bbox 457 2915 492 2980; x_wconf 91' lang='lat' dir='ltr'><strong>in</strong></span> <span class='ocrx_word' id='word_1_243' title='bbox 522 2915 566 2981; x_wconf 80' lang='lat' dir='ltr'><strong>iis</strong></span> <span class='ocrx_word' id='word_1_244' title='bbox 584 2917 646 2981; x_wconf 88' lang='lat' dir='ltr'><strong>nisi</strong></span> <span class='ocrx_word' id='word_1_245' title='bbox 677 2917 886 3006; x_wconf 78' lang='lat' dir='ltr'><strong>quieveram</strong></span> <span class='ocrx_word' id='word_1_246' title='bbox 911 2927 1070 3006; x_wconf 83' lang='lat' dir='ltr'><strong>sequatur</strong></span> 
     </span>
     <span class='ocr_line' id='line_1_33' title="bbox 18 2997 1070 3088; baseline 0.007 -32"><span class='ocrx_word' id='word_1_247' title='bbox 18 3003 148 3082; x_wconf 79' lang='lat' dir='ltr'><strong>ationem,</strong></span> <span class='ocrx_word' id='word_1_248' title='bbox 165 3021 235 3064; x_wconf 93' lang='lat' dir='ltr'><strong>non</strong></span> <span class='ocrx_word' id='word_1_249' title='bbox 246 2997 402 3064; x_wconf 85' lang='lat' dir='ltr'><strong>scientiae</strong></span> <span class='ocrx_word' id='word_1_250' title='bbox 419 2999 604 3082; x_wconf 84' lang='lat' dir='ltr'><strong>veritatem,</strong></span> <span class='ocrx_word' id='word_1_251' title='bbox 620 3003 679 3068; x_wconf 90' lang='lat' dir='ltr'><strong>sed</strong></span> <span class='ocrx_word' id='word_1_252' title='bbox 697 2999 862 3088; x_wconf 88' lang='lat' dir='ltr'><strong>opinionis</strong></span> <span class='ocrx_word' id='word_1_253' title='bbox 879 3001 1070 3078; x_wconf 84' lang='lat' dir='ltr'><strong>vanitatem,</strong></span> 
     </span>
     <span class='ocr_line' id='line_1_34' title="bbox 18 3079 1069 3170; baseline 0.005 -30"><span class='ocrx_word' id='word_1_254' title='bbox 18 3081 147 3146; x_wconf 71' lang='lat' dir='ltr'><strong>iudanam</strong></span> <span class='ocrx_word' id='word_1_255' title='bbox 172 3079 461 3170; x_wconf 80' lang='lat' dir='ltr'><strong>arrogantiamque</strong></span> <span class='ocrx_word' id='word_1_256' title='bbox 490 3095 718 3170; x_wconf 83' lang='lat' dir='ltr'><strong>consequatur.</strong></span> <span class='ocrx_word' id='word_1_257' title='bbox 776 3084 842 3150; x_wconf 92' lang='lat' dir='ltr'><strong>Sed</strong></span> <span class='ocrx_word' id='word_1_258' title='bbox 870 3081 922 3147; x_wconf 84' lang='lat' dir='ltr'><strong>lac</strong></span> <span class='ocrx_word' id='word_1_259' title='bbox 944 3091 1069 3147; x_wconf 87' lang='lat' dir='ltr'><strong>rectam</strong></span> 
     </span>
     <span class='ocr_line' id='line_1_35' title="bbox 18 3161 1068 3252; baseline 0.006 -30"><span class='ocrx_word' id='word_1_260' title='bbox 18 3161 158 3250; x_wconf 70' lang='lat' dir='ltr'><strong>adhibitam</strong></span> <span class='ocrx_word' id='word_1_261' title='bbox 178 3183 249 3230; x_wconf 85' lang='lat' dir='ltr'><strong>esse</strong></span> <span class='ocrx_word' id='word_1_262' title='bbox 270 3164 452 3245; x_wconf 66' lang='lat' dir='ltr'><strong>rationem</strong></span> <span class='ocrx_word' id='word_1_263' title='bbox 489 3163 606 3229; x_wconf 87' lang='lat' dir='ltr'><strong>ecdem</strong></span> <span class='ocrx_word' id='word_1_264' title='bbox 628 3177 737 3250; x_wconf 78' lang='lat' dir='ltr'><strong>tamen</strong></span> <span class='ocrx_word' id='word_1_265' title='bbox 757 3167 980 3236; x_wconf 83' lang='lat' dir='ltr'><strong>revolvamur,</strong></span> <span class='ocrx_word' id='word_1_266' title='bbox 1002 3185 1068 3252; x_wconf 84' lang='lat' dir='ltr'><strong>quo</strong></span> 
     </span>
     <span class='ocr_line' id='line_1_36' title="bbox 19 3244 1070 3338; baseline 0.004 -33"><span class='ocrx_word' id='word_1_267' title='bbox 19 3267 37 3304; x_wconf 87' lang='lat' dir='ltr'><strong>u</strong></span> <span class='ocrx_word' id='word_1_268' title='bbox 50 3245 219 3312; x_wconf 85' lang='lat' dir='ltr'><strong>Matheseos</strong></span> <span class='ocrx_word' id='word_1_269' title='bbox 239 3245 360 3312; x_wconf 87' lang='lat' dir='ltr'><strong>studio.</strong></span> <span class='ocrx_word' id='word_1_270' title='bbox 402 3245 534 3314; x_wconf 83' lang='lat' dir='ltr'><strong>Scilicet</strong></span> <span class='ocrx_word' id='word_1_271' title='bbox 551 3247 614 3312; x_wconf 87' lang='lat' dir='ltr'><strong>hae</strong></span> <span class='ocrx_word' id='word_1_272' title='bbox 634 3247 828 3338; x_wconf 87' lang='lat' dir='ltr'><strong>disciplinae</strong></span> <span class='ocrx_word' id='word_1_273' title='bbox 848 3244 999 3336; x_wconf 89' lang='lat' dir='ltr'><strong>quamvis</strong></span> <span class='ocrx_word' id='word_1_274' title='bbox 1016 3265 1070 3310; x_wconf 86' lang='lat' dir='ltr'><strong>res</strong></span> 
     </span>
     <span class='ocr_line' id='line_1_37' title="bbox 19 3325 1071 3418; baseline 0.009 -33"><span class='ocrx_word' id='word_1_275' title='bbox 19 3325 112 3418; x_wconf 53' lang='lat' dir='ltr'><strong>vadant</strong></span> <span class='ocrx_word' id='word_1_276' title='bbox 129 3329 335 3417; x_wconf 84' lang='lat' dir='ltr'><strong>dignissimas</strong></span> <span class='ocrx_word' id='word_1_277' title='bbox 354 3327 448 3410; x_wconf 84' lang='lat' dir='ltr'><strong>scitu,</strong></span> <span class='ocrx_word' id='word_1_278' title='bbox 483 3331 669 3418; x_wconf 85' lang='lat' dir='ltr'><strong>mentisque</strong></span> <span class='ocrx_word' id='word_1_279' title='bbox 692 3331 836 3396; x_wconf 77' lang='lat' dir='ltr'><strong>habeant</strong></span> <span class='ocrx_word' id='word_1_280' title='bbox 862 3329 979 3394; x_wconf 89' lang='lat' dir='ltr'><strong>utilent</strong></span> <span class='ocrx_word' id='word_1_281' title='bbox 998 3327 1071 3418; x_wconf 80' lang='lat' dir='ltr'><strong>agi·</strong></span> 
     </span>
     <span class='ocr_line' id='line_1_38' title="bbox 19 3409 1070 3490; baseline 0.008 -24"><span class='ocrx_word' id='word_1_282' title='bbox 19 3417 145 3490; x_wconf 76' lang='lat' dir='ltr'><strong>ationem,</strong></span> <span class='ocrx_word' id='word_1_283' title='bbox 177 3423 209 3477; x_wconf 88' lang='lat' dir='ltr'><strong>et</strong></span> <span class='ocrx_word' id='word_1_284' title='bbox 229 3413 341 3478; x_wconf 88' lang='lat' dir='ltr'><strong>lucem</strong></span> <span class='ocrx_word' id='word_1_285' title='bbox 361 3411 391 3476; x_wconf 89' lang='lat' dir='ltr'><strong>ei</strong></span> <span class='ocrx_word' id='word_1_286' title='bbox 412 3409 555 3476; x_wconf 85' lang='lat' dir='ltr'><strong>inferant</strong></span> <span class='ocrx_word' id='word_1_287' title='bbox 575 3413 664 3480; x_wconf 88' lang='lat' dir='ltr'><strong>haud</strong></span> <span class='ocrx_word' id='word_1_288' title='bbox 685 3411 971 3490; x_wconf 87' lang='lat' dir='ltr'><strong>contemnendam,</strong></span> <span class='ocrx_word' id='word_1_289' title='bbox 1001 3431 1070 3475; x_wconf 92' lang='lat' dir='ltr'><strong>non</strong></span> 
     </span>
    </p>
   </div>
   <div class='ocr_carea' id='block_1_6' title="bbox 19 3489 1206 3582">
    <p class='ocr_par' dir='ltr' id='par_1_8' title="bbox 19 3489 1206 3582">
     <span class='ocr_line' id='line_1_39' title="bbox 19 3489 1206 3582; baseline 0.01 -35"><span class='ocrx_word' id='word_1_290' title='bbox 19 3489 70 3552; x_wconf 74' lang='lat' dir='ltr'><strong>satis</strong></span> <span class='ocrx_word' id='word_1_291' title='bbox 91 3502 201 3560; x_wconf 85' lang='lat' dir='ltr'><strong>tamen·</strong></span> <span class='ocrx_word' id='word_1_292' title='bbox 218 3494 260 3560; x_wconf 85' lang='lat' dir='ltr'><strong>iia</strong></span> <span class='ocrx_word' id='word_1_293' title='bbox 276 3495 380 3558; x_wconf 85' lang='lat' dir='ltr'><strong>&#39;inest</strong></span> <span class='ocrx_word' id='word_1_294' title='bbox 407 3494 532 3560; x_wconf 87' lang='lat' dir='ltr'><strong>virium</strong></span> <span class='ocrx_word' id='word_1_295' title='bbox 561 3497 603 3562; x_wconf 88' lang='lat' dir='ltr'><strong>ad</strong></span> <span class='ocrx_word' id='word_1_296' title='bbox 631 3495 844 3562; x_wconf 85' lang='lat' dir='ltr'><strong>excitandum</strong></span> <span class='ocrx_word' id='word_1_297' title='bbox 875 3492 1072 3582; x_wconf 77' lang='lat' dir='ltr'><strong>cognitionis</strong></span> <span class='ocrx_word' id='word_1_298' title='bbox 1116 3537 1122 3542; x_wconf 95' lang='lat'>-</span> <span class='ocrx_word' id='word_1_299' title='bbox 1202 3539 1206 3546; x_wconf 85' lang='lat'><strong>·</strong></span> 
     </span>
    </p>
   </div>
   <div class='ocr_carea' id='block_1_7' title="bbox 20 3567 1072 3666">
    <p class='ocr_par' dir='ltr' id='par_1_9' title="bbox 20 3567 1072 3666">
     <span class='ocr_line' id='line_1_40' title="bbox 20 3567 1072 3666; baseline 0.006 -34"><span class='ocrx_word' id='word_1_300' title='bbox 20 3567 102 3637; x_wconf 74' lang='lat' dir='ltr'><strong>lurein</strong></span> <span class='ocrx_word' id='word_1_301' title='bbox 120 3594 154 3642; x_wconf 88' lang='lat' dir='ltr'><strong>ac</strong></span> <span class='ocrx_word' id='word_1_302' title='bbox 171 3577 377 3658; x_wconf 86' lang='lat' dir='ltr'><strong>varietatem,</strong></span> <span class='ocrx_word' id='word_1_303' title='bbox 411 3597 522 3666; x_wconf 86' lang='lat' dir='ltr'><strong>neque</strong></span> <span class='ocrx_word' id='word_1_304' title='bbox 540 3579 632 3645; x_wconf 87' lang='lat' dir='ltr'><strong>solae</strong></span> <span class='ocrx_word' id='word_1_305' title='bbox 659 3599 698 3644; x_wconf 90' lang='lat' dir='ltr'><strong>co</strong></span> <span class='ocrx_word' id='word_1_306' title='bbox 727 3577 911 3666; x_wconf 87' lang='lat' dir='ltr'><strong>perducere</strong></span> <span class='ocrx_word' id='word_1_307' title='bbox 932 3585 1072 3665; x_wconf 84' lang='lat' dir='ltr'><strong>possunt</strong></span> 
     </span>
    </p>
   </div>
   <div class='ocr_carea' id='block_1_8' title="bbox 20 3653 1072 3804">
    <p class='ocr_par' dir='ltr' id='par_1_10' title="bbox 20 3653 1072 3804">
     <span class='ocr_line' id='line_1_41' title="bbox 20 3653 1072 3804; baseline 0.013 -96"><span class='ocrx_word' id='word_1_308' title='bbox 20 3653 163 3740; x_wconf 69' lang='lat' dir='ltr'><strong>trigarium,</strong></span> <span class='ocrx_word' id='word_1_309' title='bbox 203 3671 240 3724; x_wconf 92' lang='lat' dir='ltr'><strong>ut</strong></span> <span class='ocrx_word' id='word_1_310' title='bbox 267 3659 444 3746; x_wconf 85' lang='lat' dir='ltr'><strong>aliquando</strong></span> <span class='ocrx_word' id='word_1_311' title='bbox 480 3671 578 3732; x_wconf 76' lang='lat' dir='ltr'><strong>snae·</strong></span> <span class='ocrx_word' id='word_1_312' title='bbox 594 3673 732 3726; x_wconf 86' lang='lat' dir='ltr'><strong>naturae</strong></span> <span class='ocrx_word' id='word_1_313' title='bbox 753 3658 906 3804; x_wconf 75' lang='lat' dir='ltr'><strong>perfecto</strong></span> <span class='ocrx_word' id='word_1_314' title='bbox 942 3653 1072 3754; x_wconf 71' lang='lat' dir='ltr'><strong>fiuntur</strong></span> 
     </span>
    </p>
   </div>
   <div class='ocr_carea' id='block_1_9' title="bbox 20 3731 1188 4247">
    <p class='ocr_par' dir='ltr' id='par_1_11' title="bbox 20 3731 1051 3824">
     <span class='ocr_line' id='line_1_42' title="bbox 20 3731 1051 3824; baseline 0.012 -30"><span class='ocrx_word' id='word_1_315' title='bbox 20 3731 88 3801; x_wconf 76' lang='lat' dir='ltr'><strong>torro.</strong></span> <span class='ocrx_word' id='word_1_316' title='bbox 122 3741 249 3808; x_wconf 86' lang='lat' dir='ltr'><strong>Deinde</strong></span> <span class='ocrx_word' id='word_1_317' title='bbox 262 3741 386 3807; x_wconf 85' lang='lat' dir='ltr'><strong>habent</strong></span> <span class='ocrx_word' id='word_1_318' title='bbox 405 3741 475 3807; x_wconf 80' lang='lat' dir='ltr'><strong>sere</strong></span> <span class='ocrx_word' id='word_1_319' title='bbox 493 3765 565 3808; x_wconf 86' lang='lat' dir='ltr'><strong>eam</strong></span> <span class='ocrx_word' id='word_1_320' title='bbox 588 3744 671 3824; x_wconf 65' lang='lat' dir='ltr'><strong>vina</strong></span> <span class='ocrx_word' id='word_1_321' title='bbox 696 3755 734 3807; x_wconf 86' lang='lat' dir='ltr'><strong>ut</strong></span> <span class='ocrx_word' id='word_1_322' title='bbox 775 3740 914 3814; x_wconf 82' lang='lat' dir='ltr'><strong>omines,</strong></span> <span class='ocrx_word' id='word_1_323' title='bbox 957 3756 992 3804; x_wconf 86' lang='grc' dir='ltr'><strong>ιιι</strong></span> <span class='ocrx_word' id='word_1_324' title='bbox 1013 3759 1051 3806; x_wconf 88' lang='lat' dir='ltr'><strong>ea</strong></span> 
     </span>
    </p>

    <p class='ocr_par' dir='ltr' id='par_1_12' title="bbox 20 3763 1188 4247">
     <span class='ocr_line' id='line_1_43' title="bbox 20 3763 1188 3912; baseline -0.007 -21"><span class='ocrx_word' id='word_1_325' title='bbox 20 3837 71 3882; x_wconf 72' lang='lat' dir='ltr'><strong>sum</strong></span> <span class='ocrx_word' id='word_1_326' title='bbox 92 3835 210 3892; x_wconf 82' lang='lat' dir='ltr'><strong>rectum</strong></span> <span class='ocrx_word' id='word_1_327' title='bbox 236 3847 337 3889; x_wconf 88' lang='lat' dir='ltr'><strong>usum</strong></span> <span class='ocrx_word' id='word_1_328' title='bbox 359 3825 434 3889; x_wconf 76' lang='lat' dir='ltr'><strong>&#39;non</strong></span> <span class='ocrx_word' id='word_1_329' title='bbox 464 3824 670 3912; x_wconf 87' lang='lat' dir='ltr'><strong>intelligunt,</strong></span> <span class='ocrx_word' id='word_1_330' title='bbox 705 3825 746 3890; x_wconf 90' lang='lat' dir='ltr'><strong>ad</strong></span> <span class='ocrx_word' id='word_1_331' title='bbox 770 3845 807 3889; x_wconf 86' lang='lat' dir='ltr'><strong>se</strong></span> <span class='ocrx_word' id='word_1_332' title='bbox 825 3825 912 3890; x_wconf 84' lang='lat' dir='ltr'><strong>solas</strong></span> <span class='ocrx_word' id='word_1_333' title='bbox 935 3763 1073 3908; x_wconf 58' lang='lat' dir='ltr'><strong>diligent</strong></span> <span class='ocrx_word' id='word_1_334' title='bbox 1113 3859 1119 3870; x_wconf 81' lang='lat'><em>-</em></span> <span class='ocrx_word' id='word_1_335' title='bbox 1170 3820 1188 3836; x_wconf 76' lang='grc'><strong>“</strong></span> 
     </span>
     <span class='ocr_line' id='line_1_44' title="bbox 21 3905 1073 3996; baseline -0.005 -23"><span class='ocrx_word' id='word_1_336' title='bbox 21 3919 112 3990; x_wconf 65' lang='lat' dir='ltr'><strong>suaque</strong></span> <span class='ocrx_word' id='word_1_337' title='bbox 130 3907 299 3973; x_wconf 83' lang='lat' dir='ltr'><strong>severitate</strong></span> <span class='ocrx_word' id='word_1_338' title='bbox 317 3907 561 3996; x_wconf 70' lang='lat' dir='ltr'><strong>constringaut3</strong></span> <span class='ocrx_word' id='word_1_339' title='bbox 582 3907 671 3974; x_wconf 87' lang='lat' dir='ltr'><strong>unde</strong></span> <span class='ocrx_word' id='word_1_340' title='bbox 690 3905 737 3990; x_wconf 86' lang='lat' dir='ltr'><strong>lit,</strong></span> <span class='ocrx_word' id='word_1_341' title='bbox 756 3917 794 3971; x_wconf 89' lang='lat' dir='ltr'><strong>ut</strong></span> <span class='ocrx_word' id='word_1_342' title='bbox 813 3907 853 3972; x_wconf 88' lang='lat' dir='ltr'><strong>sd</strong></span> <span class='ocrx_word' id='word_1_343' title='bbox 874 3906 1073 3994; x_wconf 87' lang='lat' dir='ltr'><strong>elegantiam</strong></span> 
     </span>
     <span class='ocr_line' id='line_1_45' title="bbox 21 3977 1073 4086; baseline -0.001 -38"><span class='ocrx_word' id='word_1_344' title='bbox 21 3977 134 4068; x_wconf 67' lang='lat' dir='ltr'><strong>frigeant,</strong></span> <span class='ocrx_word' id='word_1_345' title='bbox 162 3991 196 4057; x_wconf 86' lang='lat' dir='ltr'><strong>iu</strong></span> <span class='ocrx_word' id='word_1_346' title='bbox 216 3991 303 4056; x_wconf 80' lang='lat' dir='ltr'><strong>vitae</strong></span> <span class='ocrx_word' id='word_1_347' title='bbox 323 3989 452 4054; x_wconf 85' lang='lat' dir='ltr'><strong>ratione</strong></span> <span class='ocrx_word' id='word_1_348' title='bbox 469 3991 736 4086; x_wconf 70' lang='lat' dir='ltr'><strong>peregrinentur²</strong></span> <span class='ocrx_word' id='word_1_349' title='bbox 771 3989 985 4078; x_wconf 83' lang='lat' dir='ltr'><strong>elegantiores</strong></span> <span class='ocrx_word' id='word_1_350' title='bbox 1013 3985 1073 4052; x_wconf 89' lang='lat' dir='ltr'><strong>lit-</strong></span> 
     </span>
     <span class='ocr_line' id='line_1_46' title="bbox 21 4069 1072 4162; baseline -0.005 -27"><span class='ocrx_word' id='word_1_351' title='bbox 21 4071 81 4154; x_wconf 65' lang='lat' dir='ltr'><strong>teras</strong></span> <span class='ocrx_word' id='word_1_352' title='bbox 103 4069 168 4138; x_wconf 81' lang='lat' dir='ltr'><strong>leve</strong></span> <span class='ocrx_word' id='word_1_353' title='bbox 190 4073 348 4160; x_wconf 88' lang='lat' dir='ltr'><strong>quiddam</strong></span> <span class='ocrx_word' id='word_1_354' title='bbox 374 4093 413 4136; x_wconf 88' lang='lat' dir='ltr'><strong>ac</strong></span> <span class='ocrx_word' id='word_1_355' title='bbox 439 4073 616 4160; x_wconf 87' lang='lat' dir='ltr'><strong>ludicrum,</strong></span> <span class='ocrx_word' id='word_1_356' title='bbox 643 4093 735 4162; x_wconf 77' lang='lat' dir='ltr'><strong>grava</strong></span> <span class='ocrx_word' id='word_1_357' title='bbox 757 4082 845 4137; x_wconf 87' lang='lat' dir='ltr'><strong>certe</strong></span> <span class='ocrx_word' id='word_1_358' title='bbox 864 4071 1001 4135; x_wconf 90' lang='lat' dir='ltr'><strong>homine</strong></span> <span class='ocrx_word' id='word_1_359' title='bbox 1016 4070 1072 4134; x_wconf 86' lang='lat' dir='ltr'><strong>in-</strong></span> 
     </span>
     <span class='ocr_line' id='line_1_47' title="bbox 22 4143 1071 4247; baseline -0.019 -14"><span class='ocrx_word' id='word_1_360' title='bbox 22 4143 125 4232; x_wconf 58' lang='lat' dir='ltr'><strong>ignom</strong></span> <span class='ocrx_word' id='word_1_361' title='bbox 140 4167 272 4244; x_wconf 66' lang='lat' dir='ltr'><strong>paterna</strong></span> <span class='ocrx_word' id='word_1_362' title='bbox 292 4173 402 4242; x_wconf 86' lang='lat' dir='ltr'><strong>neque</strong></span> <span class='ocrx_word' id='word_1_363' title='bbox 420 4155 581 4247; x_wconf 79' lang='lat' dir='ltr'><strong>auspicari</strong></span> <span class='ocrx_word' id='word_1_364' title='bbox 599 4155 738 4222; x_wconf 89' lang='lat' dir='ltr'><strong>omnino</strong></span> <span class='ocrx_word' id='word_1_365' title='bbox 751 4154 889 4246; x_wconf 78' lang='lat' dir='ltr'><strong>possint,</strong></span> <span class='ocrx_word' id='word_1_366' title='bbox 909 4171 965 4218; x_wconf 84' lang='lat' dir='ltr'><strong>eas</strong></span> <span class='ocrx_word' id='word_1_367' title='bbox 988 4149 1071 4217; x_wconf 86' lang='lat' dir='ltr'><strong>litias</strong></span> 
     </span>
    </p>
   </div>
   <div class='ocr_carea' id='block_1_10' title="bbox 0 0 1256 4636">
    <p class='ocr_par' dir='ltr' id='par_1_13' title="bbox 0 0 1256 4636">
     <span class='ocr_line' id='line_1_48' title="bbox 0 0 1256 4636; baseline 0 0"><span class='ocrx_word' id='word_1_368' title='bbox 0 0 1256 4636; x_wconf 95' lang='lat' dir='ltr'><strong> </strong></span> 
     </span>
    </p>
   </div>
  </div>
 </body>
</html>
