2492 4636
179 255 239 324 554

177 423 270 504 sunt,
304 409 452 476 iudicant
470 405 652 498 annarias
686 421 759 478 tum
781 435 864 478 vero
884 413 945 486 sibi
963 413 1082 503 pulchri
1095 411 1199 503 beatique

175 493 346 574 uidentur,
380 491 513 581 iamque
543 493 722 582 sapientiae
755 488 868 562 arcem
894 521 930 562 se
955 508 1057 562 tenere
1079 507 1198 586 totumque

174 579 352 648 veritatum
380 587 412 642 et
433 575 629 666 opinionum
659 597 800 676 regnum
822 579 890 644 suis
916 578 1046 669 pedibus
1069 578 1196 646 subiectum

176 685 248 748 esse
267 668 402 748 putant,
440 669 490 740 et,
525 659 631 724 veluti
652 659 787 746 quidam
814 671 828 724 t
872 662 968 742 anni,
1000 661 1032 726 in
1051 663 1197 750 eo·supnhe

173 741 316 833 grassari
343 746 515 806 conantur.
576 739 682 808 Nulla
700 749 762 807 'res
790 764 810 807 a
835 765 873 808 eo
895 742 1027 810 difficilis
1044 743 1199 830 abstrusaque

50 843 57 860 ‘
163 837 235 908 est,
270 825 312 902 de
331 837 397 910 qua
421 839 490 890 non
517 821 554 887 in
580 819 773 922 alterdtiam
792 836 922 918 partem
942 827 1080 891 audacter
1096 849 1202 914 proauu-

174 907 273 990 tiens,
303 915 335 972 et
357 902 584 971 dissentientes
613 906 685 970 sine
705 908 934 974 mrsericordia
952 909 1099 974 damnent
1131 907 1213 974 Dani·

166 1013 238 1092 ,que
255 997 294 1054 'se
316 989 402 1054 solos
420 1007 538 1076 sapere
556 987 704 1074 credunt,
724 990 880 1078 reliquos,
905 991 1045 1056 eiusdem
1061 989 1202 1055 insanientis

172 1071 353 1166 sapientiae
372 1080 537 1160 expertes,
570 1080 684 1158 tenues
703 1059 844 1155 volitare
864 1083 902 1137 ut
922 1073 1057 1138 umbras.
1094 1072 1164 1158 Quid
1179 1072 1203 1134 de

72 1188 78 1199 ·
170 1157 223 1232 his
245 1153 416 1228 dicamus?
436 1153 559 1217 Nonne
577 1162 758 1241 utrumque
777 1155 819 1220 ab
841 1157 999 1222 alterutra
1037 1165 1097 1220 arte
1115 1165 1202 1219 erecto

136 1299 147 1308 .
171 1237 303 1316 tramite
324 1234 503 1320 aberrare?
561 1231 653 1320 Quid
681 1255 763 1302 vero
794 1237 822 1304 si
848 1238 922 1326 quis
944 1237 986 1302 ab
1004 1177 1124 1324 uitaque
1142 1247 1204 1324 pan

171 1323 257 1388 ben'e
280 1326 481 1406 temperatus
501 1315 553 1388 stt,
574 1328 672 1404 atque
693 1317 784 1384 hunc
801 1321 1009 1386 asseverandi
1030 1319 1148 1410 rigorem
1162 1318 1205 1381 ele

167 1403 358 1496 gantiprum
382 1399 571 1526 littp'rarum
587 1402 752 1468 'natatione
776 1425 814 1468 ac
842 1401 1043 1468 dubitatione
1059 1399 1205 1468 relaxaverit

168 1500 206 1551 ac
266 1483 297 1547 nt
323 1484 446 1548 averit.
531 1489 534 1502 '

185 1645 189 1654 ι
287 1505 355 1630 nissi
374 1563 400 1628 si
421 1561 760 1652 igitur'quaerantus,
799 1584 859 1631 cnr
878 1567 1004 1654 antiqui
1028 1575 1088 1632 tam
1104 1561 1202 1650 egregios

167 1645 220 1717 eds
247 1650 331 1714 erint
350 1645 587 1736 Philosophiae
606 1646 743 1732 fructus,
773 1651 975 1714 recentiores
995 1666 1079 1728 vero,
1112 1643 1200 1710 saenis

166 1733 230 1812 illis
251 1723 474 1806 Scholasticis,
495 1728 625 1796 nil'ni'si
647 1732 763 1796 sordes
784 1731 986 1818 abortusque
1002 1727 1203 1820 procreaverint,

166 1827 312 1882 caussam
332 1811 537 1900 reperiemus
561 1811 686 1878 hancce
705 1813 929 1894 verissimam
950 1813 1100 1878 nimirum
1117 1819 1204 1872 acures

140 1933 143 1938 ·
190 1899 313 1976 rimam
334 1893 513 1982 elegantiae
530 1893 640 1959 studia
660 1896 897 1984 percipiebant,
925 1895 1043 1962 deiude
1062 1917 1092 1958 se
1107 1893 1139 1958 ad
1153 1887 1205 1954 Phi·

163 1921 352 2066 lbsophiarn
376 1975 600 2062 applicabant:
626 1977 825 2045 recentiores
852 1989 968 2042 contra
994 1989 1026 2043 ct
1052 1977 1168 2068 primun
1186 1979 1216 2038 et]

119 2097 122 2105 «
164 2065 275 2130 solum
296 2082 331 2124 se
356 2057 588 2146 Philosophiae
609 2059 739 2126 dabant.
799 2061 890 2128 Nam
921 2059 1040 2124 Graeci
1066 2047 1170 2146 quideiu
1187 2055 1216 2114 etl

163 2135 310 2230 Romani
330 2137 426 2220 tilios,
448 2141 715 2230 quamprimum
736 2165 799 2230 per
820 2151 962 2208 aetatem
980 2141 1101 2221 licebat,
1122 2139 1216 2202 Gran-t

162 2225 292 2294 maticis
334 2223 370 2286 in
404 2221 615 2310 disciplinam
647 2221 770 2290 dabant
828 2226 917 2316 apud
942 2245 1035 2310 ·quos
1068 2223 1204 2308 Poetaruru

164 2305 361 2384 Oratorum,
399 2303 718 2396 Historicornmque
744 2274 1039 2389 admonitionibus,
1075 2307 1203 2390 sentenia

163 2396 196 2456 et
217 2387 381 2476 exemplis
407 2387 634 2452 erudirentur:
678 2411 742 2478 qua
763 2389 923 2477 elegantia
944 2385 1063 2455 imbuti
1081 2388 1117 2452 ad
1134 2403 1203 2448 earu

162 2469 320 2568 piendam
341 2465 576 2556 Philosophiae
605 2470 1002 2560 magnitudinem'i‘donei
1019 2467 1216 2536 reddebantur„

158 2577 198 2639 ‚m
227 2553 364 2640 eiusque
391 2551 500 2615 studio
531 2551 620 2618 intra
645 2553 749 2619 iustos
791 2551 874 2618 fines
907 2553 1067 2643 pulchrae
1098 2550 1216 2630 utilisque}

162 2635 310 2704 veritatis
332 2633 600 2719 continebantur,
638 2659 681 2700 ne
700 2635 735 2700 in
754 2637 920 2724 nugarum
939 2637 1110 2701 vanitatem
1128 2649 1216 2716 ersus*

159 2729 288 2786 rentur.
344 2717 470 2782 Contra
492 2713 607 2796 Gothi,
633 2718 773 2799 Franci,
806 2719 1000 2798 Alemanni,
1033 2709 1216 2802 Langobardi}

160 2823 237 2866 curn
262 2799 355 2864 illam
386 2797 489 2862 semel
519 2821 537 2862 a
569 2801 734 2864 mentibus
756 2799 985 2867 abstersissent
1005 2797 1216 2882 immanitatem]

40 2947 45 2964 ,
102 2951 107 2970 ,
159 2885 214 2948 vel
239 2881 287 2946 sic
317 2891 426 2944 ermen
453 2879 571 2960 litteris
597 2893 653 2946 aut
679 2903 799 2977 parum
821 2881 1027 2964 tribuerunt,
1064 2891 1114 2945 ant
1131 2893 1216 2958 earumg

158 2961 305 3030 eludium
328 2961 513 3050 'Flreologia
535 2963 873 3052 circumscripserunt,
893 2964 1163 3048 sacerdotibusque
1172 2961 1216 3046 re]

158 3043 343 3134 liquerunt,
379 3045 468 3110 Nam
490 3047 713 3111 honestissimi
735 3049 787 3114 illi
808 3047 922 3124 Caroli
941 3047 990 3114 M.
1013 3055 1136 3112 conatus
1153 3041 1216 3130 irat

158 3129 302 3204 fuerunt,
338 3135 370 3190 et
396 3127 457 3191 lux
480 3127 536 3191 illa
548 3147 689 3193 accensa
712 3131 811 3196 simul
837 3141 870 3194 et
891 3128 1050 3210 exstincta
1070 3125 1136 3194 tuis
1162 3125 1216 3200 hrss

160 3234 224 3298 que
250 3209 372 3274 melior
405 3205 473 3274 iere
503 3209 588 3274 ratio
624 3211 714 3298 apud
736 3212 1125 3300 vConstantinopolitanae
1152 3209 1208 3268 enta

138 3316 236 3364 ,nam
258 3302 290 3356 et
313 3289 361 3354 ibi
394 3287 577 3378 ignorantia
605 3295 778 3384 regnabat,
812 3305 1006 3381 veteresque
1025 3292 1175 3382 scriptores
1189 3291 1216 3348 a

157 3374 351 3440 dicebantur
370 3384 404 3437 et
430 3373 635 3439 habebantur
657 3375 808 3464 profani,
847 3385 1030 3459 eorumque
1052 3374 1137 3442 lectio
1155 3355 1216 3431 sul-l

155 3457 234 3542 inde
262 3455 362 3544 impia
411 3455 535 3520 nedum
558 3455 696 3522 honesta
715 3459 901 3548 putabatur.
956 3457 1023 3525 Sed
1043 3468 1142 3521 tamen
1158 3461 1216 3536 curul

157 3503 424 3628 expeditionibus
446 3535 512 3602 iilis
538 3550 654 3624 contra
676 3541 867 3623 Saracenos,
890 3541 1008 3628 quibus
1030 3529 1216 3605 aservatontl

126 3691 127 3702 ,
158 3617 266 3687 Uruce
282 3619 427 3684 nominis
450 3620 616 3686 honorem
638 3613 847 3704 addiderunt,
875 3621 1029 3688 nonnulli
1049 3641 1088 3685 cx
1108 3615 1216 3682 Oriente}

157 3705 191 3766 in
217 3699 433 3767 Occidentem
454 3714 685 3796 apportassent
704 3705 849 3771 studium
871 3703 1120 3792 Philosophiae,
1142 3697 1207 3778 idque

154 3785 356 3850 invalescere
375 3783 555 3872 coepisset3·
599 3785 640 3850 ad
669 3787 734 3852 huc
762 3786 916 3854 homines
946 3779 1216 3871 inserendisque

155 3865 350 3960 adferebant
366 3865 516 3950 ingenia,
557 3882 640 3954 qnae
670 3871 711 3936 de
740 3872 808 3937 eius
840 3869 1009 3936 doctrinae
1027 3860 1208 3958 magaritndne

154 3969 216 4016 vix
237 3971 291 4012 sus
317 3947 408 4024 icari,
446 3949 570 4014 nedum
591 3973 664 4016 earn
685 3965 742 4017 ant
761 3961 956 4042 capescant
973 3969 1138 4040 agnoscere
1155 3962 1204 4030 pos·

92 4103 93 4106 ,
154 4037 238 4093 sent.
265 4107 271 4114 ἱ
303 4030 354 4092 'nc
374 4029 464 4092 inani
487 4031 710 4122 obscuruequc
731 4035 920 4122 diligentiae
943 4057 979 4100 se
1001 4031 1129 4098 dabant!
1147 4023 1216 4116 Hlfltss

154 4119 303 4178 mosella
316 4123 528 4198 pepererunt,
550 4127 633 4195 qnae
653 4129 753 4184 nemo
771 4117 1071 4188 non'stultissimus
1089 4113 1150 4210 sine
1161 4121 1216 4172 ruri
