2492 4636
126 402 196 470 telis
217 395 377 492 scriptat'
403 399 477 472 Ubi
496 385 762 492 Theoplhastus,
790 402 1007 476 Aristoxenus,
1020 399 1104 470 llius

126 489 200 566 hus,
220 484 425 554 Clearchus?
466 485 614 556 Uhi‘illa
632 493 739 558 vetus,
768 484 887 566 media,
916 495 948 548 et
963 505 1033 550 nora
1046 487 1105 552 Aca·

126 570 202 636 nia?
244 563 370 658 Omrtia
387 569 667 660 philosophorum
691 589 796 654 usque
816 567 866 632 ad'
882 563 1034 634 Ciceronis
1046 579 1104 630 uta·

126 675 138 716 ι
158 647 282 740 scripta
303 651 438 737 quidam
458 651 550 718 velut
578 661 686 718 aestus
704 649 893 738 intercepit.
923 648 1052 718 «Stoicen
1065 649 1103 712 lo·

125 736 211 800 inam
239 733 309 800 eiua
342 735 510 824 principes
537 733 647 808 Zeno,
689 733 915 822 Chrysippus,
951 731 1105 810 Posidonius,

125 815 253 896 odorus,
265 809 450 896 Panaetius
471 815 653 882 innumeris
667 825 905 904 ,exposuerunt
919 811 1107 888 voluminibus

125 919 158 962 rc
169 898 247 962 'eius
270 897 414 986 cognitio
435 921 477 964 ex
499 901 637 972 Seneca,
651 895 861 986 Epicteto‘et
879 897 987 962 Marco
1004 893 1106 962 Antonia

141 980 322 1047 haurienda
368 979 511 1068 quince
538 979 602 1073 ipsi
629 979 750 1064 integri
776 979 819 1044 ad
848 1001 908 1044 nos
927 987 1105 1067 pervenenut,

125 1087 130 1126 τ
150 1061 279 1130 Stoicae
299 1029 537 1152 Philosophiae
555 1059 743 1130 absolutam
771 1061 1016 1149 descriptionem
1039 1057 1105 1120 tnd-

125 1151 197 1218 unt,
214 1142 272 1208 sed
293 1145 455 1232 primaria
477 1156 602 1210 tantum
623 1144 784 1232 quaedam
805 1144 926 1232 capita,
943 1141 1105 1230 explicarunt

126 1228 254 1291 icurum
276 1225 405 1314 ipsum,
448 1225 663 1322 quispescit,
701 1221 865 1290 infinitam
900 1223 1043 1290 librorum
1063 1221 1105 1282 tin

125 1306 330 1396 scripsisse?
357 1307 458 1375 Hunc
478 1311 642 1375 imitantes
662 1305 818 1396 discipuli
835 1308 922 1372 'adeo
942 1303 1037 1370 omnia
1052 1301 1108 1365 soi·

125 1389 384 1480 sreplevertmt,
423 1401 460 1456 ut
487 1391 530 1456 de
556 1393 625 1456 eius
646 1390 745 1457 molis
771 1389 991 1478 magnitudine
1006 1383 1109 1472 gnciter

125 1477 261 1536 meretur
288 1471 416 1540 Cicero.
464 1474 512 1542 At
538 1474 606 1540 iam
633 1497 694 1540 suo
720 1481 787 1538 tem
814 1495 874 1536 ore
896 1493 966 1536 earn
983 1477 1110 1553 tantopere

125 1554 278 1618 ninutam
305 1551 587 1622 lhisse'testatur'
601 1555 763 1624 Iulianus·
788 1493 984 1645 imperator,
1013 1559 1039 1612 nt
1057 1547 1109 1638 fere

125 1634 550 1704 tevanuisse'videretur.''
573 1637 656 1704 Dies
686 1633 836 1728 profecto
865 1659 921 1700 me
947 1629 1054 1706 deliciet,
1080 1649 1106 1689 st

143 1717 282 1782 nomina
305 1727 433 1786 tantum
455 1716 751 1810 Philosophorum,
788 1723 871 1803 qu'os
895 1715 1009 1803 ahquid
1024 1713 1109 1777 tuens

125 1799 240 1864 ndasse
262 1809 397 1874 constat,
433 1825 606 1868 recensere
624 1801 756 1868 vellem.
794 1805 843 1872 At
863 1799 908 1872 hi,
934 1793 1122 1888 prohdolor

125 1905 181 1946 nes
209 1883 301 1970 longi
330 1885 490 1974 temporis
518 1885 691 1974 iniquitate
726 1881 914 1972 consumpti
946 1875 1122 1966 absorptique*

125 1975 149 2028 t.
203 1965 304 2030 Nmrc
324 1965 440 2031 unicus
454 1965 580 2032 harum
600 1976 725 2048 r'erum,
760 1979 868 2052 neque
887 1963 915 2028 is
934 1959 1122 2048 locupletia-t

125 2069 138 2112 s
159 2046 304 2137 scriptor
323 2054 425 2112 restat
452 2047 619 2137 Diogenes
638 2047 805 2116 Laiirtius.
853 2045 989 2132 Reliqua
1007 2039 1109 2132 cogqiuc

124 2151 142 2193 n
161 2129 304 2218 petenda
324 2139 374 2193 est
396 2129 518 2212 exiis,
547 2131 612 2219 ¹qui
632 2131 702 2196 eius
725 2131 872 2218 aliquam
890 2137 1013 2218 partem
1030 2129 1122 2204 attqcl

124 2219 150 2290 t,
179 2210 352 2292 Cicerone,
377 2211 568 2297 Plutarcho,
588 2211 894 2302 Sexto'Empirico,
925 2209 1122 2284 Galerianum

124 2293 207 2357 enda
228 2312 272 2358 cx
288 2292 454 2368 brevibus,
473 2297 581 2384 iisque
601 2316 664 2386 per
685 2295 858 2360 universos
881 2303 1022 2356 veterum
1039 2283 1106 2351 libras

124 2375 229 2460 tersis,
268 2377 640 2444 commemorationibus
660 2388 758 2460 atque
782 2373 982 2462 fragmentis,
1014 2391 1076 2456 qma
1088 2373 1107 2454 tt

124 2477 283 2520 tsumma
305 2479 383 2523 cura
403 2447 638 2550 diligentiaque
658 2471 735 2526 sunt
754 2455 994 2544 investiganda„
1011 2471 1110 2533 conqu-

124 2537 172 2611 da,
208 2537 402 2628 colligenda,
439 2543 642 2628 ‘collectaque
663 2541 732 2606 acri
751 2539 874 2606 iudicio
890 2532 1111 2612 examinandae

124 2643 129 2718 ι
152 2641 301 2720 quaeque
322 2625 499 2720 momentis
518 2621 747 2714 ponderanda.
790 2621 912 2768 Neqne
937 2631 1039 2710 tamen
1058 2613 1109 2706 lus

124 2703 234 2767 tctrltas
257 2723 332 2770 eam
353 2727 423 2770 vim
445 2705 568 2773 habere
590 2705 705 2788 dehet,
742 2715 780 2770 ut
799 2705 858 2769 nul
874 2727 893 2767 a
908 2701 1037 2767 solertia
1053 2713 1109 2758 nno

124 2807 157 2848 se
175 2795 326 2872 putetur,
365 2787 582 2876 hominesque
602 2789 832 2877 desperatione
854 2781 949 2849 fracti
963 2781 993 2846 'a
1012 2797 1110 2872 catatu·

124 2865 162 2930 da
189 2867 251 2930 hac
272 2869 458 2956 cognitione
479 2873 725 2952 deterreantur,
765 2871 823 2934 sed
849 2877 887 2934 ut
917 2883 1069 2947 coinage
1086 2853 1111 2916 tl

124 2971 133 3012 ι
167 2947 403 3036 assequendam
429 2975 545 3020 omnes
571 2953 696 3041 ingenii
718 2975 757 3018 ac
778 2951 961 3018 industriae
982 2945 1056 3010 sires
1071 2959 1121 3000 us

124 3040 160 3093 nt
181 3041 280 3125 atque
299 3048 508 3122 expromam.
552 3037 629 3102 Hoc
646 3035 782 3100 enimsi
803 3031 874 3122 quis
895 3053 913 3094 e
935 3029 1006 3112 en't,
1022 3026 1045 3090 is
1056 3041 1110 3168 qu·

124 3113 284 3206 oyrdeat
327 3127 489 3204 quantum
514 3118 664 3184 utilitatis
685 3139 728 3182 ex
748 3124 899 3181 accurata
948 3111 1121 3194 hilosoputss

124 3213 196 3288 orta
222 3195 265 3290 qd
290 3197 398 3288 ipsam
423 3197 492 3267 elus
513 3200 689 3266 scientiam·
704 3197 878 3274 redundet,
918 3215 1016 3283 qnam
1033 3187 1113 3284 pulit·

124 3289 201 3342 rum
226 3291 417 3346 muentores
444 3305 480 3347 se
506 3282 662 3350 hodierni
683 3281 821 3361 iactant,
860 3275 902 3343 ab
930 3276 1060 3366 atatiqun
1077 3269 1121 3328 ant

124 3369 201 3440 enta,
222 3372 278 3425 aut
299 3362 417 3430 melius
439 3375 574 3430 tractata
595 3365 679 3446 sint3
700 3373 798 3428 etex
819 3361 858 3426 iis
871 3359 961 3448 'ipsis
983 3349 1121 3432 coniectu-l

124 3467 129 3506 t
149 3441 256 3528 iaciat,
277 3439 397 3531 quanta
416 3443 516 3520 fiterit
531 3447 691 3514 Veterum
711 3445 745 3510 in
765 3441 982 3530 Philosophia
1002 3435 1121 3504 sacculus-t

124 3522 210 3617 'dil
231 3526 320 3608 enim
341 3529 379 3592 in
398 3537 465 3594 tam
485 3531 607 3617 pau'cis,
628 3548 710 3616 quae
730 3525 941 3614 natdragium
955 3519 1110 3606 effugendi·

124 3605 204 3698 qutis
223 3617 315 3674 tanta
334 3609 421 3676 inest
442 3630 556 3687 rerum
574 3611 792 3702 praestantia,
833 3603 978 3674 dubitari
997 3597 1110 3692 prolecto

124 3698 178 3768 mt,
199 3687 228 3752 si
241 3711 319 3778 pars
333 3691 440 3759 molto
458 3693 567 3778 maior
584 3691 627 3758 ad
641 3715 701 3760 nos
719 3692 936 3782 pervenisset,
955 3687 1111 3765 thesaruutt

144 3767 318 3838 habituros
344 3773 446 3841 fiaisse
462 3771 634 3841 infinitum
655 3797 692 3840 ac
710 3795 817 3866 paene
838 3771 1000 3838 divinum.
1035 3761 1112 3848 liqn-

124 3873 131 3914 ι
155 3857 306 3940 quamvis
327 3858 412 3922 mihi
435 3878 630 3946 persuasum
650 3858 709 3940 sit,
748 3877 803 3922 me
829 3875 898 3919 non
927 3871 996 3916 esse
1021 3867 1053 3910 ea
1070 3843 1110 3904 dv·

124 3955 158 4026 qa
180 3943 211 4000 et
231 3937 381 4023 ingenio,
423 3951 460 4005 ut
480 3941 549 4006 eins
573 3958 629 4006 me
648 3941 699 4004 rei
720 3937 879 4004 idoneum
899 3935 1109 4014 iudicemur

124 4033 140 4076 '1
161 4017 288 4101 possim
295 4037 307 4100 3
340 4017 405 4086 hoc
424 4031 536 4088 tamm
556 4023 712 4088 audacter
730 4019 885 4099 adfirmo,
911 4015 1022 4090 multa,
1053 4021 1111 4094 qnae

127 4101 290 4166 urrerem
309 4101 680 4190 haeum-adadremun
701 4101 842 4189 antiquis
859 4121 929 4166 esse
940 4085 1109 4164 nudanda·
