2488 4640
815 27 823 73 l

144 169 224 284 'eso
257 317 261 344 Ι

255 345 260 372 ι
333 365 340 384 ,
525 368 529 393 f
634 374 637 386 Ι

160 401 297 470 tuendas
324 401 507 468 maritimus
536 423 611 468 oras
631 435 676 454 ·-·
700 401 759 468 sed
782 411 877 493 aptae
898 447 1036 469 .....
1058 415 1088 469 et
1110 405 1217 472 name

161 488 309 577 quinque
331 482 453 570 [Haec
474 485 599 552 destant
619 485 795 574 intexam
833 485 895 552 scd
918 483 1014 554 corr.
1039 487 1136 564 acad
1151 513 1218 554 aar·

157 572 280 662 gisem
301 567 488 658 repostum]
510 606 549 646 ς-
584 581 714 658 praeter
735 571 903 636 Omissam
924 571 1058 651 urbem,
1090 573 1126 638 ad
1142 573 1219 638 Hiber.

107 721 111 731 x
162 654 364 722 maritimam
394 672 489 718 orum
515 653 548 719 d.
569 690 614 704 —
647 665 714 720 tem
740 659 830 719 erare
857 656 969 720 animo
999 655 1099 722 oculis
1122 678 1234 742 aeq.-1

76 811 79 824 ,
163 749 243 828 post
262 759 298 802 se
320 747 514 824 serpentum
534 773 576 788 ι-
604 761 632 803 c.
653 675 918 826 Railergentes,
947 739 1044 819 inde,
1070 741 1219 831 Bargullu-

160 845 249 912 que.
273 867 283 886 .
306 831 338 886 et
358 820 570 968 Affinitaniam
589 857 633 870 -
654 820 821 910 horaeque
841 821 919 886 huic
939 859 981 872 -
1002 825 1152 890 excretus
1170 849 1220 890 coe·

160 918 238 996 ptus
263 915 312 970 est
331 939 370 956 -
418 925 534 970 omum
558 905 685 972 remisit
704 941 745 956 -
766 927 795 970 o.
814 909 867 972 24.
889 906 938 970 ad.
951 908 1113 996 oppidum
1130 907 1220 976 llliba·

159 1001 234 1055 tum
264 987 336 1074 [rel
355 987 559 1074 Illiberam]
582 1025 624 1040 -·-
666 991 807 1078 propius
834 989 1002 1056 Ullilarum
1024 1031 1064 1044 -
1098 991 1222 1068 llliberm

58 1090 63 1099 ’
158 1071 329 1160 extemplo
355 1105 397 1123 -
423 1069 512 1136 haud
534 1073 657 1159 gravati
676 1073 720 1128 -'-
749 1084 881 1161 praeter
909 1074 999 1160 [aliia
1037 1097 1112 1163 per.
1143 1077 1221 1159 Cora]

159 1157 383 1224 Ruscinonem
415 1177 496 1244 opp.
523 1158 774 1222 transmiserunt
800 1158 836 1223 iu
856 1157 993 1224 ltaliam.
1015 1158 1146 1235 Interim
1161 1183 1222 1222 -c

159 1241 472 1328 26ellyberums-
492 1239 531 1305 A.
555 1241 709 1306 Servilius
727 1277 770 1292 -
790 1243 984 1312 M.,Annius
1004 1277 1050 1292 ·-
1075 1242 1153 1308 Aulo
1172 1244 1224 1306 Su·

159 1324 240 1392 vilio
260 1335 301 1388 et
329 1323 371 1388 Τ.
396 1323 572 1410 Annioquc
601 1325 683 1390 Aeil.
703 1361 748 1374 -
769 1325 806 1389 C.
830 1326 936 1414 Papir.
962 1325 1129 1392 Nasonem
1148 1363 1178 1374 -·
1193 1327 1223 1390 le

158 1408 240 1506 gali,
269 1407 309 1472 ad
330 1401 568 1496 postulandum
588 1409 681 1472 missi
700 1407 741 1474 ad
761 1407 881 1488 Boios,
903 1432 935 1474 v.
955 1433 1000 1488 s.,
1027 1411 1177 1492 incertum
1192 1423 1225 1472 ut

158 1515 194 1560 ιιι
220 1492 359 1556 triumv.
385 1525 429 1542 -
463 1491 501 1555 L.
528 1490 658 1556 Mallius
695 1491 753 1578 [iu
777 1515 881 1578 marg.
911 1515 997 1558 corr.
1021 1493 1185 1577 Massiuae]
1200 1529 1226 1541 -

113 1617 115 1624 ,
158 1597 346 1664 quanquam
373 1573 535 1640 accedisse
561 1575 636 1640 satis
657 1611 702 1638 -ι-
725 1597 790 1674 per
816 1577 1028 1663 impaciencia
1057 1577 1128 1642 loca
1143 1613 1177 1626 ·-
1191 1600 1226 1640 se·

157 1660 348 1749 ptingentoe
375 1659 495 1722 milites
518 1695 558 1710 -·-
593 1658 693 1724 Gallis
723 1659 926 1736 interriuindi
953 1697 995 1712 -
1027 1673 1066 1725 ut
1096 1661 1171 1724 snitu
1192 1661 1226 1721 ia·

158 1744 276 1810 vio-
299 1742 529 1838 propinquum
550 1765 635 1830 pago
657 1781 700 1794 -
718 1743 945 1822 Rrisianorum
965 1744 1002 1820 in
1032 1744 1141 1822 Gallos
1158 1744 1227 1806 auxi-

155 1827 267 1894 lio-
299 1849 327 1892 c.
349 1829 402 1904 26,
427 1843 571 1913 unsuper
599 1826 762 1906 Gallicum
801 1827 924 1904 bellurn
953 1839 1067 1893 actum
1095 1830 1229 1892 Patres-

157 1910 284 1992 deleutu
312 1931 404 1976 novo
440 1909 584 1988 consulis
611 1931 738 1990 consen,
759 1949 798 1964 -
837 1911 1026 1990 Tanentum
1054 1912 1228 2000 persenit-

156 1995 257 2060 missa
281 2015 358 2059 cum
377 1995 545 2070 Praetura,
566 1996 777 2084 transscripta
798 2031 840 2058 -,-
868 1993 937 2082 jam
965 1993 1001 2059 iia
1021 1997 1190 2082 Vulgarum
1203 2027 1229 2040 ·-

156 2079 263 2144 Roda
284 2088 316 2143 et
336 2075 437 2140 diffisi
460 2077 610 2156 citeriore
633 2101 712 2166 agro
732 2115 776 2128 -
795 2077 859 2166 ripq
872 2079 986 2154 ‘amnis
1010 2079 1230 2143 obtinebant-

156 2161 342 2227 tlummodo
373 2161 483 2247 ignare
508 2158 600 2250 (aliie
638 2161 774 2226 inaure.
803 2159 907 2250 corr.)
937 2197 982 2211 -
1007 2165 1131 2250 raptim
1158 2161 1228 2224 lilae-

155 2245 255 2323 bant,
289 2244 407 2332 quibus
435 2267 472 2308 ee
492 2267 614 2334 suaque
636 2245 890 2311 transachonem..
911 2281 956 2294 --
988 2269 1016 2310 c.
1039 2255 1094 2312 27.
1124 2244 1230 2308 terrebat

157 2352 201 2395 ex
221 2329 357 2394 adverso
378 2325 485 2394 hostis
505 2365 549 2380 ·-·-
570 2329 761 2425 equitesque
781 2330 907 2416 rarique
928 2328 1062 2406 obt‚‚-
1085 2327 1228 2394 llamulu-

155 2414 201 2478 ris
222 2413 329 2480 lilium
350 2447 393 2464 -
422 2411 478 2476 ubi
498 2412 610 2500 primo
631 2425 739 2502 possit
759 2449 800 2464 -··
833 2411 969 2498 trajecto
1000 2435 1158 2490 amne-
1181 2413 1230 2472 dac

156 2497 242 2562 Galli
270 2497 413 2562 eductmt.
440 2531 484 2546 -
516 2495 642 2562 flumen
667 2508 908 2562 transnatavere
935 2533 979 2560 -,-
1004 2495 1103 2562 fauno
1133 2492 1230 2582 signil-

155 2589 248 2646 canlo
265 2581 421 2645 transisse
438 2615 483 2630 -
510 2602 538 2644 c.
560 2583 610 2648 28.
632 2592 805 2645 annuarum
834 2579 999 2656 militum,
1040 2593 1074 2645 et
1120 2581 1152 2642 ui
1169 2579 1230 2642 aits

155 2655 276 2734 bantur
294 2701 337 2716 ·-
364 2675 397 2728 et
416 2661 552 2740 navibus
574 2674 662 2728 lanta
690 2687 724 2742 v,
746 2673 790 2712 -'-·
819 2663 965 2750 impres.
986 2604 1157 2751 premeiltat
1178 2661 1231 2724 acie

153 2787 196 2802 ·-
218 2745 324 2814 facere
352 2749 461 2812 conati
488 2758 570 2830 aunt
586 2783 628 2800 -
662 2771 728 2836 qua
752 2757 846 2834 parte
874 2749 1020 2821 rcristun
1050 2771 1144 2828 max.
1163 2747 1192 2810 it.

52 2843 56 2852 “
153 2829 292 2907 Elefant.
314 2867 356 2882 -·-
382 2830 454 2906 rel'u
478 2831 598 2905 iontem
621 2853 697 2896 eum
719 2831 754 2912 in
774 2853 826 2917 aq.
847 2869 890 2894 -.-
916 2829 1045 2898 altilud.
1075 2832 1232 2898 destitueret

153 2917 277 2996 vadum
304 2953 339 2968 -
375 2853 527 3004 plurilsus
562 2915 747 2996 retinaculis
784 2914 896 2980 validis
927 2917 969 2968 '—
987 2943 988 2950 ¹
1003 2927 1042 2980 ut
1081 2939 1157 2982 cana
1187 2913 1220 2977 sle

115 3015 130 3056 f
150 3000 269 3090 ¹plaanti
293 3037 332 3050 -
361 3010 513 3088 urgentes
542 2998 604 3062 iter
631 2998 854 3076 secedentibus
882 3011 966 3074 extr.
993 3035 1037 3050 --
1064 2999 1204 3089 trepiduli

153 3107 231 3150 nem
262 3083 303 3162 ali
317 3094 464 3148 'uantum
486 3121 524 3134 -
559 3083 573 3145 'i
599 3107 634 3148 se
665 3084 769 3148 timor
799 3084 1139 3170 circumspicientibus
1158 3101 1227 3141 -t

152 3172 205 3234 29.
225 3107 389 3255 similique
411 3189 511 3232 omen
530 3105 608 3230 belli
632 3207 669 3221 -
693 3169 855 3246 incruenti
877 3169 1094 3315 ancipitisffue
1114 3205 1156 3230 -.-
1174 3187 1221 3256 P⁰l

27 3229 30 3234 Δ
68 3319 70 3324 ,
152 3253 266 3321 tendit.
308 3252 356 3316 Re
379 3252 423 3315 ita
442 3261 530 3338 gesta
551 3287 591 3314 ·-.·
620 3251 804 3338 legatorum
831 3251 937 3338 reguli
968 3249 1140 3330 alucalo
1168 3273 1210 3313 au

153 3346 313 3401 venerunt
333 3371 374 3398 -.-
407 3334 543 3414 timebat
571 3335 706 3421 quidem
734 3332 847 3408 hostes
871 3345 913 3386 ὲ·-
950 3360 977 3400 o.
1000 3340 1052 3399 30.
1109 3347 1223 3418 entosqa

94 3413 104 3434 ⁸
152 3431 185 3486 et
208 3431 310 3486 terras
339 3441 391 3484 cas
412 3455 454 3467 ·-
482 3417 642 3482 Hiberum
664 3453 704 3468 -
741 3418 781 3496 ad
803 3430 960 3486 exortum
992 3359 1195 3500 intenficrent

151 3503 280 3594 pervias
301 3503 434 3590 paucis,
474 3525 543 3566 esse
566 3499 787 3581 exercitibus?
815 3525 871 3566 eos
893 3505 985 3589 ipsos
1008 3539 1048 3551 —
1083 3527 1120 3592 q.
1142 3499 1223 3567 laho‘

152 3587 353 3666 exhaustum
377 3581 448 3651 est'l
467 3622 508 3636 --
537 3608 565 3664 o,
588 3593 640 3652 31.
670 3586 779 3650 minus
802 3586 936 3658 obviam
959 3586 1033 3662 lore
1050 3599 1105 3638 -'
1123 3585 1222 3664 Paluda

151 3691 280 3760 nanque
301 3671 407 3752 amnis
428 3707 469 3720 -
490 3670 523 3733 in
549 3691 664 3734 aruum.
707 3669 746 3733 In
765 3669 883 3746 Mediis
904 3671 1041 3757 canapis.
1057 3729 1065 3742 ,
1082 3671 1205 3736 Insulae

151 3757 298 3822 Braneus
327 3755 479 3832 nomine,
523 3755 636 3818 minor
666 3761 733 3828 crat
763 3751 929 3818 fratre-
956 3755 1013 3842 qui
1038 3753 1113 3840 jure
1140 3757 1223 3820 minu

152 3861 232 3906 eum
252 3837 312 3924 qui
331 3837 407 3924 plus
429 3848 574 3926 poterat,
618 3835 758 3924 pellebat
780 3838 868 3922 [aliie
906 3861 999 3902 niano
1028 3837 1071 3902 ab
1102 3864 1159 3908 co.
1186 3859 1225 3986 J

148 3923 232 4012 plus
248 3931 407 4008 poterat,
428 3919 633 4008 pellebatur.
668 3923 837 4008 Corrcc't.]
859 3959 902 3972 -—
922 3919 1047 4010 dejecta
1067 3935 1154 3990 esset
1175 3923 1187 4006 [
1210 3921 1234 3996 i¹

154 4016 258 4072 «ναί.
276 4005 391 4089 Corn]
414 4041 454 4076 7-
488 4007 663 4084 sententia,
699 4003 849 4070 futurum
877 4005 1056 4095 irnperium
1075 4043 1120 4060 --
1154 4007 1194 4070 ob
1215 3997 1234 4084 ll

154 4088 309 4152 meritum
348 4098 572 4154 commeatum
607 4089 803 4177 copiamque
842 4111 953 4155 rerum
998 4093 1095 4155 vestis
1143 4085 1234 4168 aditus*

155 4169 247 4258 qaod
269 4166 406 4234 infames
429 4205 469 4220 -
501 4173 638 4238 tetendit
658 4173 693 4236 in
713 4165 887 4260 Trigonoe
903 4211 945 4224 -
971 4195 1147 4264 novosque
1165 4193 1234 4262 gurgi
