2502 4630
180 248 242 318 aa
368 249 370 254 ·
661 285 667 294 .

182 435 285 500 situm
304 428 358 498 lan
405 403 489 504 'diris
511 423 576 495 est,
621 429 773 518 Denique
792 451 890 512 varo,
919 429 973 495 cui
1098 441 1156 496 sato
1171 433 1217 521 pla·

181 519 307 588 rimum
327 523 371 580 trr
393 536 470 590 uere
494 513 625 596 videtur
657 513 868 596 Schaeierus,
913 515 1005 602 qnod
1051 535 1089 579 on
1109 517 1116 530 ⁰
1135 537 1174 593 ns,
1199 532 1226 584 ιιι

181 599 320 690 copulae
342 599 484 664 omissas
501 599 660 684 virtutem
677 599 866 686 declararet,
887 619 959 664 non
978 538 1226 664 fuissetiricnmal

182 687 299 752 minus¹
313 681 458 748 lectitato
479 680 585 763 libro,
616 699 760 770 eumque
781 684 890 772 inepte
914 682 1085 770 scriptum,
1109 685 1218 770 aptissima

157 784 162 794 ·
182 768 305 858 scripto
327 767 363 832 in
386 768 477 854 Cyro
504 766 593 832 uedia
616 767 829 856 praelaturus,
850 768 883 832 ei
902 778 1088 856 argumento
1105 767 1226 848 massas}

187 853 288 917 tentia
310 861 440 916 tantum
465 787 555 916 obest
575 860 613 915 nt
634 841 685 916 vis
706 851 772 916 ulla
790 851 884 934 insit,
927 861 966 914 ut
988 852 1176 948 Cyropaediac
1189 851 1226 926 lo}

182 955 260 1000 cum
281 933 430 1001 consubo
448 947 519 1000 nott
541 957 610 1000 esse
632 934 671 999 ab
705 934 855 1022 Longino
886 933 1039 1014 allatum,
1077 956 1108 1000 ιιι
1124 935 1226 1023 rigata

183 1027 293 1084 utitem
318 1018 375 1084 ¹vel
403 1017 549 1084 Historia
576 1019 699 1084 Graeca
728 1025 926 1108 scripturam
955 1019 985 1083 ei
1018 1041 1100 1097 eam,
1135 1041 1190 1104 quaa
1203 1013 1226 1096 nl

183 1103 274 1168 libris
296 1113 363 1180 est,
406 1111 480 1166 ante
501 1101 617 1168 oculos
638 1103 755 1184 lmese,
799 1103 1019 1168 demonstrari
1046 1125 1133 1190 posse
1150 1101 1219 1164 eristi·

181 1209 284 1254 mem.
333 1185 420 1252 Nam
450 1205 554 1283 quum
584 1185 625 1252 de
656 1189 776 1252 virtute
806 1187 1003 1252 narrationis
1031 1209 1096 1252 non
1112 1205 1226 1254 marana

182 1271 372 1350 dissereret,
411 1269 491 1356 qiud
512 1269 600 1336 aliud
622 1291 720 1358 quam
742 1271 782 1335 iis
807 1293 882 1336 eum
905 1269 1065 1358 exemplis
1087 1271 1127 1334 uti
1144 1255 1226 1334 consi

182 1355 309 1434 aiebat,
328 1354 364 1418 in
384 1353 501 1440 quibus
522 1354 601 1420 baec
622 1356 725 1420 virtus
747 1377 815 1420 non
838 1354 907 1419 aliis
932 1355 1101 1420 virtutibus
1120 1339 1226 1419 obscur-¹

182 1449 289 1518 retur,
310 1437 368 1502 sed
390 1438 461 1502 sola
482 1450 566 1504 esset
586 1435 786 1528 conspicua?
827 1439 929 1528 Atqui
952 1439 1006 1503 ille
1025 1441 1060 1502 in
1080 1437 1221 1525 Cyrcpacda

182 1521 275 1588 locus
290 1543 360 1587 non
375 1521 484 1586 solnm
504 1523 851 1609 copuloeqcmissione,
870 1522 931 1586 sed
946 1524 1050 1610 magis
1062 1525 1145 1586 ctiam
1156 1541 1221 1607 oppa·

182 1608 303 1672 sitione
330 1605 573 1670 contrariorum
592 1607 751 1693 splendet.
801 1607 878 1672 Nec¹
892 1604 1022 1670 videtur
1045 1608 1078 1670 in
1099 1605 1222 1669 emissan

185 1689 455 1778 oppositionibus
477 1685 642 1760 cbncrsam
654 1702 834 1778 expetere,
866 1689 958 1776 quod
977 1690 1132 1779 praedicat
1147 1687 1222 1772 torp}-

168 1795 265 1838 nus:
287 1771 405 1838 ἆπλοκα
425 1775 578 1856 ἐκπίπτει,
601 1777 653 1838 καὶ
673 1778 763 1838 sionei
789 1777 946 1859 προχεῖται
966 1769 1005 1840 rai
1023 1769 1162 1859 λεγόμενα,
1190 1771 1222 1834 iii·

182 1883 238 1943 yov
259 1861 321 1922 δεῖν
339 1851 498 1938 φθάνοντα
518 1861 570 1922 sal
590 1853 683 1924 αὐτόν
700 1853 753 1922 τόν
773 1863 904 1942 ls'yom
958 1859 1005 1924 Ea
1026 1881 1101 1924 vero
1121 1855 1223 1920 verbane

183 1945 218 2006 iu
239 1942 380 2030 Agesilai
403 1941 537 2030 quidem
557 1939 672 2006 locum
693 1942 905 2029 quadrarent,
943 1944 972 2006 si
991 1939 1044 2007 hic
1065 1961 1175 2029 quoqne
1189 1961 1224 2024 op·

180 2025 404 2120 positionibus
431 2026 466 2096 in
485 2025 636 2092 membra
657 2027 817 2112 quaedam
839 2025 1072 2096 concideretur.
1113 2023 1218 2104 Quadra

136 2122 139 2134 ‘
183 2120 293 2176 autem
314 2111 458 2198 optime,
481 2111 508 2172 si
529 2109 636 2189 abest,
658 2120 695 2172 ut
714 2111 749 2172 in
769 2109 900 2198 vulgata
918 2111 1079 2189 lectione,
1103 2107 1219 2196 oppositis

184 2203 280 2280 utque
302 2192 414 2258 omnin
435 2193 569 2270 ordine,
601 2193 650 2257 uti
671 2193 822 2282 deinceps
846 2205 915 2258 acta
934 2207 1028 2272 sunt,
1057 2193 1109 2257 sed
1129 2195 1180 2255 siue
1194 2215 1215 2250 a

183 2279 269 2374 pulis
290 2277 548 2366 profunduntur.
600 2277 679 2342 Non
705 2285 782 2364 eigo
804 2299 846 2341 ne
892 2278 1025 2344 roximc
1047 2277 1164 2366 quidem
1179 2293 1224 2335 coa·

182 2371 376 2450 junctorum
397 2360 609 2445 transpositio
632 2359 712 2424 adeo
734 2372 804 2425 tuta
825 2301 971 2439 videtur,
994 2373 1032 2426 ut
1050 2360 1206 2449 praedicant

270 2444 360 2524 Quid
383 2465 461 2512 vcro
483 2444 648 2524 dicemus,
691 2445 720 2508 si
740 2453 810 2509 notr
830 2455 961 2512 tantum
978 2446 1075 2516 'ordo
1096 2443 1189 2510 verbor

183 2529 240 2594 scd
254 2603 256 2610 ¹
270 2528 368 2595 verba
392 2527 490 2592 etiam
517 2528 588 2616 ipsa
616 2539 801 2594 mutantur:
843 2540 882 2594 nt
911 2551 1018 2616 quum
1047 2529 1188 2593 Porsenna
1210 2523 1216 2584 i

182 2611 414 2680 Andromacha
452 2635 484 2677 V·
518 2613 610 2678 1114·
645 2633 709 2700 pro
737 2607 877 2699 τυγχάνει
916 2610 942 2678 d'
981 2617 1015 2678 ἐν
1052 2608 1176 2696 ι’μπίροις
1194 2607 1220 2688 it,

182 2699 290 2766 soluit
317 2693 368 2764 ἔτιι
389 2721 403 2759 s
423 2691 448 2760 d
467 2691 509 2759 ain
530 2697 561 2758 ἐν
582 2693 741 2782 ἐμπύροις,
785 2709 841 2761 aut
868 2717 973 2785 quum
1003 2697 1104 2770 idem,
1124 2705 1170 2756 'at
1188 2717 1201 2778 q

184 2784 260 2847 dem
286 2781 353 2846 Kid
379 2783 429 2845 ius
458 2777 573 2858 refert,
626 2781 662 2844 in
687 2779 823 2846 Bacchis
854 2803 886 2846 v.
920 2788 1012 2848 1082.
1042 2803 1103 2868 pro
1130 2781 1204 2862 sipara

183 2863 279 2950 αἰθήρ
315 2865 414 2930 scribi
449 2861 547 2950 jussit
580 2859 677 2949 αἰθήρ
704 2859 731 2928 δ’
773 2868 873 2950 ἐσίγα,
914 2887 947 2930 v.
976 2868 1050 2930 766.
1082 2874 1175 2927 autem

182 2955 314 3033 rr'ptuaro
335 2945 361 3014 δ’
381 2949 476 3032 alpad,
518 2942 695 3032 oroyo'nud'
723 2951 757 3012 ἐκ
777 2952 935 3034 παρηΐδων
955 2947 1168 3035 reponendum
1184 2951 1226 3034 crui

184 3035 249 3098 suit
269 3041 398 3116 αἵματος
421 3032 532 3120 ἔνιψαν
552 3027 700 3116 σταγόνα,
728 3037 783 3096 καὶ
804 3027 984 3122 παρηΐδωνῨ
1012 3032 1096 3096 Num
1116 3053 1152 3094 ne
1166 3011 1226 3114 parri

126 3173 135 3186 ,
182 3119 395 3182 nouissimum
421 3115 557 3203 quidem
583 3118 846 3204 tr·anspositionis
877 3115 1085 3182 delensorem
1112 3113 1178 3180 adeo
1194 3132 1216 3200 o¹

182 3205 340 3276 stinatum
362 3223 431 3266 esse
451 3210 554 3286 puto,
597 3210 657 3279 ut,
688 3201 716 3264 si
736 3200 796 3265 ista
817 3203 879 3279 sic,
924 3211 963 3262 ut
983 3201 1140 3264 Personas
1159 3193 1217 3260 volu

183 3285 265 3351 olim
286 3289 321 3350 in
343 3286 434 3350 libris
457 3283 577 3372 scripta
598 3284 813 3364 exstitissent,
836 3307 947 3349 errore
967 3283 1161 3348 librariorum
1177 3278 1211 3341 ila

182 3393 264 3458 quae
290 3371 325 3435 iu
347 3369 469 3434 nostris
494 3365 661 3433 codicibus
684 3379 747 3450 est,
779 3371 978 3459 scripturam
995 3369 1072 3432 inde
1090 3365 1178 3432 enasci
1191 3353 1226 3447 pti

180 3455 281 3520 luisse
303 3453 485 3520 contendat.
1069 3507 1071 3511 .
1225 3449 1226 3498 l

267 3537 331 3602 Sed
359 3537 439 3602 baec
465 3535 629 3600 hactenus.
676 3533 764 3600 Nam
794 3535 823 3600 si
843 3534 969 3624 singula
992 3535 1168 3626 explicatius
1183 3549 1221 3618 pu

182 3624 274 3708 scqui
297 3621 431 3700 vellem,
467 3641 606 3706 magnus
627 3618 668 3688 de
687 3621 944 3706 transpositione
964 3621 1047 3686 liber
1069 3629 1167 3708 posset
1181 3635 1226 3688 ιιι

53 3723 56 3732 ’
112 3748 126 3786 ,
181 3705 290 3770 scribi.
347 3705 432 3770 Mihi
460 3703 607 3790 quidem*
625 3701 691 3768 hoo
719 3712 849 3768 tantum
876 3706 1091 3794 propositum
1115 3711 1182 3773 erat,
1212 3691 1226 3776 ti

178 3790 291 3876 paucis
309 3789 526 3865 ostenderem,
549 3787 834 3873 quemadmodum
855 3811 986 3856 caussae
1008 3788 1220 3855 armedium

183 3873 358 3958 positionis
381 3872 525 3936 multum
546 3871 632 3935 inter
653 3893 687 3936 se
709 3871 894 3952 differrent,
916 3875 1080 3938 ita·etiam
1099 3863 1207 3936 usumd

191 3957 266 4019 bere
287 3957 453 4034 diversum
476 3977 553 4018 esse.
609 3956 662 4020 Ex
708 3977 751 4020 uo
774 3967 921 4044 apertum
945 3969 1010 4038 est,
1052 3951 1220 4021 inconsidad

180 4049 339 4116 statuere,
381 4039 436 4125 qui
466 4037 556 4102 illam
594 3977 789 4104 emendandi
820 4040 908 4106 viam
934 4039 1119 4106 facillimam
1147 4057 1198 4101 esse

181 4123 378 4184 tutissimam
400 4121 547 4184 creduut.
594 4121 674 4186 Non
693 4124 798 4210 magis
828 4125 916 4188 enim
939 4136 996 4188 aut
1013 4125 1114 4190 facilis
1134 4131 1180 4186 ant
1194 4127 1218 4206 tt}

182 4213 246 4280 est,
290 4223 388 4290 quam
411 4201 551 4290 quodvis
574 4204 662 4272 aliud
681 4228 783 4295 genus
810 4209 1017 4278 emendandi.
1044 4209 1149 4276 ·Nam
1172 4215 1197 4270 ιιι
