2594 4626
135 288 159 331 C
176 284 258 348 tsc.
371 317 374 325 ,

262 370 266 378 ’
612 418 615 426 ,
1074 373 1083 420 t
1122 413 1126 420 .

178 427 370 508 antecedens
390 423 513 526 Ceivus
532 437 704 504 Vatinium
723 433 764 500 iis
788 433 991 517 orationibud
1009 433 1149 502 insecuti
1167 445 1251 518 sunt,

180 547 259 611 quas
279 521 443 606 hodieque
456 526 539 600 'cum
560 519 778 604 admiratione
798 517 969 604 legimus«
990 528 1010 566 '-
1037 519 1077 581 in
1099 521 1161 584 ilio
1178 543 1251 606 quo-

180 629 243 692 que
270 603 363 689 Virg.
391 603 471 667 Bu'c.
494 604 559 667 'ech
579 615 616 673 ’8.
644 624 676 669 r.
693 613 758 672 ‘39.·
782 603 885 666 Atrer
915 601 962 663 ab
983 599 1169 668 undecimo
1189 607 1251 666 ism

180 705 256 752 tum
275 687 331 763 me
349 701 487 769 ceperat
506 707 632 757 onnus,
663 685 809 774 positum
833 691 887 748 est
902 684 990 756 cicer
1010 705 1079 772 pru
1097 683 1249 758 secrato,-

85 781 87 786 ’
177 791 286 858 neque
316 777 426 832 tamen
460 791 591 833 summe
616 767 775 833 tredecim
808 775 971 850 annorum
997 767 1107 852 (quod
1135 767 1252 853 quidem

226 853 319 944 tant),
337 849 395 916 sed
414 849 588 916 duodecim
610 851 791 926 dumtaxat,
808 841 990 930 conficitur.
1012 847 1057 912 ita
1074 849 1165 916 etnim
1179 849 1255 914 aiter

177 875 332 1000 dianms
355 931 399 996 de
424 929 625 1018 reliquisque
644 925 742 1005 iebus
767 929 897 1010 dicitur,
929 940 968 994 ut
987 929 1029 994 ad
1050 953 1175 1000 unum,
1208 949 1255 1008 qui

78 1011 100 1052 ”
176 1014 334 1105 proxime
361 1011 652 1104 sivepraecessit,
685 1013 755 1078 sive
788 1009 1004 1104 praecessisse
1034 1011 1255 1099 intelligendus

149 1157 150 1160 ,
178 1106 237 1174 est,
269 1093 441 1174 metatur,
475 1115 618 1184 cumque
643 1117 685 1159 eo
711 1094 777 1160 duo
805 1095 999 1159 constituet}
1041 1115 1088 1160 ex-
1117 1117 1182 1180 quo
1207 1093 1257 1156 ilie

174 1188 264 1258 sunt,
286 1173 355 1246 Cic.
373 1197 406 1268 p·
429 1177 559 1243 Cluent.
581 1201 609 1244 c.
633 1189 699 1246 stt:
739 1177 848 1243 »Cum
868 1175 896 1240 is
917 1179 1022 1242 unum
1042 1176 1112 1244 iem
1134 1187 1168 1238 et
1185 1175 1257 1240 elte-

98 1267 102 1277 '
172 1256 254 1326 *rum
275 1257 364 1330 diem
385 1257 664 1324 desiilerar'eturzt¹
693 1267 731 1320 et·
751 1279 780 1322 c.
808 1269 857 1328 72.
884 1258 1000 1343 „Unus
1027 1269 1060 1322 et
1087 1259 1173 1324 alter
1198 1255 1257 1320 dies

176 1339 402 1418 intercesserat
410 1365 439 1401 2«
459 1339 555 1428 Virg.
576 1341 663 1408 Aen.
683 1337 744 1420 111,
763 1351 832 1425 856,
851 1339 1009 1426 „iamque
1028 1339 1102 1404 dies
1224 1357 1257 1400 ue

177 1417 247 1487 dies
268 1422 464 1514 processus:
486 1420 553 1488 Ov.
573 1419 677 1490 Trist.
698 1421 724 1502 Ι,
746 1433 775 1501 3,
790 1435 839 1490 16.
859 1419 950 1506 »Qui
969 1423 1071 1486 modo
1097 1421 1142 1486 de
1158 1419 1256 1512 mutis

175 1525 262 1568 mnus
285 1513 318 1566 ct
338 1503 421 1568 alter
441 1512 575 1568 erant“=
598 1515 632 1569 et
650 1503 792 1569 aliorum
812 1511 964 1568 veterum
984 1503 1185 1570 Latinorum
1202 1501 1258 1566 rire

95 1651 98 1662 ,
176 1587 341 1652 sexcenta.
360 1584 396 1648 in
416 1584 597 1658 undecimo
617 1596 727 1648 autem
748 1585 834 1650 inest
853 1595 941 1652 certe
961 1607 1070 1652 unus:
1114 1595 1161 1650 est
1177 1581 1255 1651 euim

177 1667 379 1742 undecimus
396 1667 500 1753 ‚queri
521 1663 777 1743 ,unusdeeimus
811 1667 883 1742 sive
909 1689 1012 1736 unus.
1040 1678 1103 1732 aut
1126 1669 1255 1752 primm,

176 1759 211 1812 et
229 1745 399 1842 decimum
428 1749 482 1813 eui
504 1753 578 1818 uni,
601 1761 657 1814 aut
675 1753 802 1830 primo,
824 1749 853 1814 si
870 1749 972 1820 aiter,
994 1749 1066 1814 sive
1085 1746 1256 1814 secundus.

172 1841 359 1910 ,accrescere
398 1854 466 1899 non
486 1831 774 1902 tertiusdecimus,
809 1831 867 1896 sed
891 1830 1122 1898 duodecimus
1148 1829 1259 1894 existet

140 1936 142 1940 ·
177 1913 254 1978 Ger.
272 1913 306 1978 S'
329 1911 424 1977 onius
442 1913 477 1978 in
495 1935 534 1978 eo
552 1913 620 1987 tib„
639 1933 737 1998 quem
758 1923 874 1976 eontra
890 1913 1008 1978 Franc
1023 1911 1260 1978 Roborteliium

174 1932 484 2063 arcanissimus
504 2015 568 2078 sup
595 1997 762 2060 stationis
782 1993 923 2084 scripsit,
944 1994 1065 2081 quique
1089 1995 1129 2059 iu
1151 1995 1192 2060 T.
1209 1989 1259 2058 W.

179 2097 221 2139 er.
242 2075 367 2156 Sigonii
389 2099 466 2165 epp.
490 2077 542 2140 ed.
602 2076 701 2158 edici.
731 2089 820 2147 1737.
839 2076 950 2162 primo
973 2077 1048 2141 loco
1068 2085 1260 2145 recensetur,

118 2177 143 2219 κ
175 2153 296 2236 fatetur
316 2156 460 2242 quidem,
490 2180 614 2226 annum
635 2159 784 2224 ulcerum
812 2163 855 2222 ab
884 2158 1078 2229 undecimo,
1122 2154 1260 2226 nonnisi

123 2249 146 2324 ’Χ
173 2237 419 2308 duodecimum
454 2239 544 2329 apud
572 2239 753 2327 Virgilium
781 2239 981 2338 significare:
1023 2239 1119 2305 idem
1154 2250 1261 2313 tamen

172 2334 175 2340 “
223 2321 267 2384 od
295 2343 373 2384 sene
400 2319 550 2400 mireris,
590 2343 629 2385 eo
657 2323 732 2410 ipso
757 2329 875 2410 poetae
902 2323 996 2402 loco,
1036 2322 1187 2409 itemque
1209 2319 1258 2382 iilo

17 2461 28 2478 .,
73 2387 76 2391 .
119 2471 122 2478 Δ
175 2343 308 2496 edunal-
328 2404 387 2467 eet.
410 2417 439 2472 5·
460 2425 492 2469 v.
512 2407 580 2485 te.)
605 2403 656 2470 Ttt
676 2427 770 2466 nunc
790 2408 854 2468 eris
876 2407 964 2468 alter
982 2405 1026 2468 ab
1045 2405 1124 2474 itto,
1146 2401 1261 2477 ebusus,

176 2469 222 2549 1t⁰a
245 2483 473 2572 ratiocinatur:
513 2485 630 2570 „Quia
662 2487 748 2550 niter
775 2487 905 2550 dicitur
932 2485 976 2550 dc
1003 2485 1156 2560 duodus,
1190 2503 1260 2568 ergo

177 2563 262 2630 atter
287 2587 306 2629 a
330 2566 556 2630 trecentesimo
585 2581 635 2634 est
656 2569 902 2636 trecentesimus
924 2569 1064 2656 primus.
1099 2585 1142 2631 ut
1176 2569 1280 2630 enimi

181 2645 348 2732 Virgilius
371 2646 479 2714 dixu:
511 2647 568 2714 Tu
587 2671 675 2712 nunc
695 2649 760 2714 eris
782 2651 865 2715 alter
884 2649 926 2714 eb
946 2642 1076 2730 illem
1092 2667 1261 2718 estsecuu-

178 2727 250 2806 dus,
286 2751 356 2796 tren
376 2729 506 2810 tertius,
541 2745 574 2792 et
603 2751 736 2794 annum
764 2731 906 2798 aiterum
934 2731 976 2795 ab
1003 2731 1186 2796 undecimo
1205 2748 1261 2812 pru

178 2809 445 2876 duodecimo...
478 2816 527 2876 sic
555 2814 803 2880 trecentesimus
831 2815 915 2878 aiter
944 2830 995 2878 est
1021 2811 1259 2880 trecentesimus

115 2957 118 2964 ,
158 2891 337 2980 ¹prunus«
377 2891 506 2968 Licebit
525 2893 633 2980 igitur,
655 2895 779 2988 Sigmi,
798 2895 861 2962 ieta
882 2897 1012 2960 ratione
1031 2895 1194 2970 dicemus,
1213 2911 1258 2953 se·
1278 2919 1279 2961 i

150 3014 156 3020 ·
177 2971 330 3044 cundum
351 2995 373 3038 u
393 2981 642 3046 ereceatesimo,
675 2997 747 3041 eive
767 2981 1039 3044 trecentesimum
1060 2973 1258 3039 secundum,

148 3067 163 3114 1.
178 3077 250 3120 esse
267 3058 418 3140 primum
434 3077 458 3120 a
471 3061 719 3129 trecentesimo,
741 3058 811 3124 eive
824 3059 1097 3124 trecentesimum
1108 3061 1260 3140 primurn.

177 3155 256 3203 num
277 3147 364 3204 certe
380 3138 548 3204 secundus
568 3139 649 3206 item
670 3141 714 3204 de
734 3141 880 3212 duobus,
911 3139 1196 3227 quemadmodum
1215 3137 1278 3222 αἱ·1

123 3269 126 3274 .
177 3234 243 3289 ter,
275 3217 405 3284 dicitur.
446 3219 580 3290 Verum-
595 3223 640 3284 ita
660 3227 766 3287 seres
788 3221 896 3304 hebet,
931 3232 968 3288 ut
989 3223 1091 3289 alter,
1126 3221 1278 3302 itemque,

176 3301 359 3394 secundus,
381 3302 427 3366 ita
449 3301 490 3366 de
511 3301 639 3366 duobus
661 3305 796 3378 dicutur,
817 3315 856 3390 ut
871 3327 993 3374 tanum,
1014 3303 1084 3368 sive
1101 3306 1258 3390 primiani

175 3403 334 3530 proxime
353 3384 578 3470 praecessisse,
604 3407 736 3451 necesse
755 3387 806 3452 sit.
827 3387 862 3450 in
883 3408 1047 3451 annorum
1067 3395 1189 3468 autem,
1213 3403 1259 3472 tt·-

191 3485 411 3552 1querumque
430 3488 554 3545 rerum,
582 3487 661 3558 quas
682 3469 887 3535 numerando
907 3465 1148 3556 percurrimus,
1167 3483 1259 3528 sene-

177 3542 251 3622 bus,
287 3545 344 3610 ubi
365 3545 406 3610 eb
432 3571 502 3613 unu
521 3549 590 3613 sive
615 3553 732 3631 prime
753 3549 866 3615 exorsi
891 3551 933 3616 ad
954 3548 1072 3614 decem
1091 3547 1163 3612 sive
1178 3545 1259 3610 deci-

178 3646 273 3687 mum
292 3629 551 3712 pervenerimus,
571 3651 687 3695 rursus
703 3631 744 3696 ad
766 3653 874 3702 unum
894 3628 965 3706 sive
1009 3629 1133 3698 simum
1156 3645 1258 3716 norae,

177 3705 244 3773 hoc
265 3715 314 3770 eet
340 3711 502 3773 secundae
547 3711 679 3776 decedis
699 3707 863 3782 redimus:
900 3735 964 3796 que
1009 3711 1100 3788 idern
1120 3710 1157 3774 in
1177 3715 1258 3772 tertia

178 3784 381 3883 reliquisque
398 3759 573 3876 decadibus
595 3791 869 3882 fecimus-itaque
883 3817 986 3860 sunus
1001 3795 1258 3863 trecentesimus,

166 3891 236 3958 'qttt
257 3875 442 3944 incessurae
462 3875 593 3942 decadis
617 3877 764 3950 decimus
785 3899 823 3942 ac
843 3888 1032 3966 postremus
1054 3885 1115 3954 est,
1148 3889 1276 3942 acon-i

178 3951 342 4038 sequentis
367 3953 501 4048 decadis
529 3955 796 4044 quadragesimae
818 3963 931 4044 pudure
962 3957 1138 4046 excipitur,
1176 3953 1258 4096 isque

178 4033 285 4126 scius,
319 4055 375 4118 qur
408 4035 497 4100 hunc
524 4040 634 4124 ipsum
655 4041 802 4126 primum
830 4040 1057 4126 consequitur,
1100 4041 1201 4101 secun
1226 4049 1259 4092 us

179 4135 249 4179 sive
269 4117 357 4180 atter
376 4113 417 4182 ab
439 4136 478 4210 eo
499 4127 645 4188 essenon
668 4120 770 4208 igitur
783 4125 873 4190 alter
890 4143 912 4188 a
929 4123 1179 4190 trecentesimo,
1197 4114 1259 4178 site

534 4269 537 4276 ’
614 4287 623 4318 r
