2500 4630
171 269 246 332 *274

184 415 274 500 (ron)
319 393 483 510 uumnpro
506 379 641 478 sensus
660 409 697 475 n
720 399 875 480 cariosa
893 409 971 492 last,
1008 407 1121 476 oseem
1141 403 1239 476 asan

87 567 96 578 ,
184 499 248 568 hac
267 517 309 564 ur
328 511 350 560 ‘c
367 493 446 574 iint3
468 495 582 580 paullo
604 495 727 560 diutius
745 494 783 562 iu
803 491 929 574 reditu,
962 489 1053 581 apud
1080 491 1239 558 Aristonem

159 603 161 611 ¹
184 583 378 648 diversatus.
423 575 658 641 Octavianumv
674 575 742 642 Dio
770 573 873 660 refert
895 591 987 640 sacra
1006 571 1135 641 Cereris
1154 597 1240 640 soso·

183 663 272 758 pisse
285 671 442 748 'tempore
462 658 521 725 illo
542 658 740 726 brevissimo
761 669 794 724 et
805 655 1074 745 occupatissimo,
1095 657 1174 745 quod
1186 663 1240 744 post

182 743 360 811 victoriam
378 739 550 832 Actiacam
576 740 814 806 constituendis
837 737 998 804 Graeciae
1023 738 1120 803 rebus
1137 737 1239 826 impen-

184 825 253 908 dit,
295 845 364 888 nou
385 833 460 890 ante
477 821 544 888 huc
570 843 739 906 reversus,
776 842 876 910 qnam
893 818 1025 886 firmato
1047 819 1113 886 iam
1129 815 1239 908 imperio

181 908 219 978 in
241 905 417 974 Orientem
435 905 593 986 tenderet,
613 904 703 970 unde
722 901 879 970 reducem
906 897 1086 968 Zarmarus
1104 899 1239 968 Industr-

183 999 309 1080 quutus
332 995 382 1051 est
399 986 566 1074 Athenass
599 987 628 1052 is
648 987 743 1051 vivus
763 1005 888 1073 rogum
903 989 1095 1050 ascensurus
1114 984 1240 1072 impetra·

181 1072 232 1148 nit
255 1082 298 1136 nt
326 1079 422 1134 maten
448 1067 584 1134 Deabus
613 1069 817 1152 initiaretur,
853 1069 963 1153 sclusa
989 1067 1024 1138 ἐν
1052 1063 1088 1135 ori
1106 1064 1240 1142 καθήκοντι

175 1146 284 1239 *prinu
309 1157 392 1237 (erat
412 1150 502 1216 enini
522 1171 584 1216 ven·
602 1173 745 1230 nomam,
767 1171 871 1238 qumu
889 1150 1060 1234 Augustus
1070 1147 1240 1216 Samumre·

181 1175 365 1324 hnqueret)
383 1231 476 1319 quod
495 1231 563 1298 Dio
585 1245 698 1298 narrat
718 1232 861 1322 Augusti
879 1230 1005 1298 honori
1025 1231 1174 1296 tributum
1185 1249 1239 1293 esse.

182 1319 300 1406 ltaque
322 1315 500 1382 Zasmarus
526 1314 583 1402 qui
604 1325 683 1380 tunc
711 1314 861 1404 primum
890 1313 1041 1382 Athenas
1065 1311 1163 1394 venit,
1191 1311 1239 1374 sine

183 1415 286 1466 mora·
302 1406 453 1485 receptus
475 1405 542 1478 est3
563 1393 784 1486 similiterque
803 1393 1026 1484 Apollonius,
1047 1395 1102 1484 qui
1119 1413 1242 1483 peregre

10 1479 45 1551 .’
89 1515 102 1536 «ι
182 1483 220 1546 to
250 1473 391 1544 Oriente
419 1476 481 1544 snb
511 1471 623 1573 ipsum
643 1490 859 1546 auctumnum
878 1479 923 1545 Α.
941 1477 1000 1546 LI.
1022 1498 1058 1570 p.
1076 1479 1156 1573 Chr..
1178 1472 1241 1566 (nias

184 1559 266 1656 quid
287 1559 404 1656 Damio
418 1563 590 1644 mentitur)
602 1559 738 1626 ·urbem
764 1561 930 1656 ingressus
951 1569 1002 1624 est
1021 1575 1091 1625 non
1110 1578 1185 1655 putu
1200 1577 1241 1616 u-

183 1663 273 1725 sam,
292 1650 403 1710 sunm
420 1641 466 1706 ab
486 1641 706 1731 hierophanta
724 1641 828 1732 petirt'
849 1654 887 1707 ut
914 1641 979 1708 sibi
1000 1643 1102 1707 sacris
1122 1649 1240 1708 rotemsse

85 1725 92 1775 ‘-
171 1723 300 1792 'liceret
307 1772 316 1808 ,
344 1723 499 1790 Philostr.
526 1723 594 1806 fv,
631 1737 680 1794 lfl.
697 1747 770 1814 'quo
792 1725 1031 1811 tergiversante
1057 1727 1161 1814 quarto
1177 1737 1241 1784 anno

181 1816 261 1896 'post
298 1804 340 1870 ab
368 1805 439 1870 eius
465 1825 655 1871 successore
680 1826 772 1870 sacra
798 1829 834 1871 se
866 1812 1086 1896 accepturum
1121 1803 1242 1870 dinisius

181 1885 363 1980 praedixit.
403 1889 524 1974 Neque
549 1906 626 1956 curn
652 1883 795 1956 Adriani
821 1887 922 1954 rebus
975 1889 1072 1972 estis,
1108 1885 1157 1976 qui
1180 1901 1242 1948 anno

183 1979 280 2035 sexto
308 1968 446 2056 imperii
467 1981 609 2034 exermte
636 1969 690 2056 (v.
709 1969 867 2036 Dallaeus
889 1970 931 2036 de
951 1911 1049 2038 hibe.
1070 1973 1164 2058 Supp.
1181 1965 1242 2031 Dio·

114 2075 117 2082 ·
182 2071 261 2140 nys.
282 2051 346 2114 eti
393 2051 484 2133 at.·I,
506 2063 554 2120 13.
575 2074 609 2141 p.
632 2051 695 2135 83.)
717 2065 821 2138 quum
839 2051 983 2122 Athenis
1005 2052 1147 2118 hiemem
1164 2061 1242 2138 trare*=

108 2199 113 2210 q
183 2133 306 2220 igeret,
358 2130 462 2196 ereris
482 2154 575 2198 saera
594 2131 755 2215 visitavit,
775 2155 884 2221 neque
903 2156 978 2199 cum
994 2135 1043 2200 M.
1059 2131 1188 2211 Aurelii,
1206 2147 1242 2214 qut

185 2233 374 2309 compressa
404 2212 511 2280 Cassii
535 2213 696 2280 seditione
721 2235 764 2280 ex
789 2215 942 2280 Oriente'
956 2217 1068 2282 redux
1093 2215 1198 2282 iisdem
1221 2217 1242 2276 u

60 2287 71 2330 '⁴
183 2293 400 2384 religionibus
426 2293 624 2380 obstrinxit,
655 2295 715 2391 ilie
743 2296 960 2394 quinquennii
994 2300 1082 2364 ratio
1108 2287 1241 2364 conciliari

142 2417 147 2430 =
183 2387 304 2469 potest.
345 2375 402 2443 Ad
422 2397 608 2458 summam,
642 2399 672 2444 st
702 2373 783 2466 quad
803 2399 942 2444 omnmo
963 2379 1005 2446 de
1029 2381 1144 2450 ordine
1160 2397 1241 2442 sacro

182 2478 263 2527 rum
282 2455 410 2546 legibus
423 2459 668 2556 praescriptum
687 2457 789 2546 finisse
807 2469 962 2550 putamus
972 2510 984 2544 ,
1013 2453 1184 2529 Plutarcho
1199 2477 1241 2546 po·

136 2559 139 2566 ·
184 2539 252 2606 tius
282 2549 315 2603 et
342 2547 453 2605 veteru
473 2537 710 2628 Aristophanis
738 2541 914 2630 interpreti
936 2543 1166 2622 assentiemur,
1185 2559 1241 2626 quo-

183 2643 264 2690 rum
284 2619 343 2688 ille
363 2616 475 2702 μύησιν
495 2619 726 2696 sarromalus,
747 2645 852 2712 quum
872 2623 1070 2708 minimum,
1091 2624 1178 2706 anni,
1201 2617 1241 2700 hiel

183 2697 343 2850 abrupte,
368 2703 446 2767 anni
465 2701 693 2769 interiectione
711 2703 872 2783 distincta¹
897 2706 999 2772 fuisse
1025 2707 1145 2786 tradit,
1174 2709 1241 2792 quur

182 2805 262 2932 pres
286 2783 667 2878 pterocarthsglniensi
685 2787 857 2854 credamus
882 2787 925 2854 de
942 2787 1044 2856 rebus
1062 2789 1160 2857 fando
1176 2783 1240 2852 ands·

79 2933 84 2940 ,
201 2888 229 2933 rs
251 2875 412 2945 numano,
433 2887 537 2954 quum
556 2869 753 2955 praesertim
766 2868 801 2936 id
822 2879 934 2936 actum
956 2882 989 2935 et
1009 2873 1186 2960 quaesitum
1198 2883 1240 2930 ess

184 2951 362 3042 appareat,
397 2956 436 3010 ut
462 2945 713 3014 Valentinianos
739 2947 989 3018 Eleusiniorum
1016 2959 1118 3042 quam
1141 2945 1240 3018 similli

28 2999 31 3006 .
75 3101 77 3110 y
184 3052 260 3100 mos
281 3049 353 3094 esse
373 3027 625 3108 demonstraret.
663 3030 780 3118 Quam
800 3033 844 3099 ad
871 3055 961 3114 rem,
988 3057 1093 3124 quum
1114 3035 1240 3130 iffydagu

184 3133 245 3181 rae
263 3115 439 3194 sectatores
467 3109 612 3196 quinque
639 3133 743 3192 aureos
769 3113 805 3180 in
831 3115 912 3182 disci
938 3117 1006 3182 lina
1025 3129 1178 3184 mansisse
1194 3131 1240 3197 eret

185 3191 363 3272 darentur,
391 3189 600 3279 eundemque
632 3213 764 3268 morem
791 3195 891 3262 etiarn
954 3201 1158 3267 nosticorum
1183 3213 1239 3260 uon

121 3281 124 3295 '
159 3296 162 3308 ·
184 3275 297 3342 nullae
317 3272 531 3340 observarent
556 3269 711 3370 familiae,
730 3279 1014 3374 appositissimum
1036 3283 1239 3356 videbatur-,s

123 3375 129 3385 ’
184 3354 223 3426 id
246 3351 336 3444 quod
351 3356 405 3422 de
432 3364 673 3446 mysteriorum
701 3361 889 3426 cermroniis
914 3385 977 3453 per
1001 3363 1167 3431 intervella
1183 3377 1239 3447 00¹3*

7 3433 8 3502 l
81 3465 85 3474 ¹
187 3437 361 3514 summatis
383 3440 571 3525 acceperat,
591 3435 627 3502 in
647 3439 909 3528 quinquennium
928 3458 1136 3514 converteret
1148 3459 1239 3508 acum

78 3531 83 3546 ’
185 3537 230 3584 ne
252 3517 395 3603 quodam
407 3517 574 3586 rhetorico
594 3519 650 3588 vel
669 3543 784 3590 errore
803 3524 985 3592 excusabili
1006 3539 1096 3594 certe
1109 3527 1153 3606 ob
1176 3541 1239 3588 snm

108 3665 111 3672 ,
185 3619 277 3666 mam
300 3597 488 3666 Eleusinios
503 3611 536 3666 et
551 3601 790 3752 Pymngqricae
806 3607 1001 3698 disciplinae
1015 3609 1239 3678 similitudinem

125 3717 127 3728 =
184 3679 239 3750 Ac
259 3679 288 3744 si
306 3678 370 3745 isto
388 3681 490 3748 modo
518 3685 650 3776 sempsit
711 3689 906 3755 ertsrllianus
925 3701 963 3756 ut
990 3713 1010 3758 a
1037 3691 1176 3780 Rigaltio
1195 3683 1238 3750 edi

64 3839 68 3848 ,
116 3781 119 3789 ’
162 3773 259 3836 -ium
279 3771 345 3845 ⁰³is
364 3763 521 3858 linguam
544 3771 764 3858 consignent,
792 3775 1012 3860 apertainest
1037 3769 1236 3865 Pythagorica

185 3844 352 3944 Wlfflin?
370 3843 580 3944 ugssificftfio,
602 3868 667 3936 qua
688 3862 720 3916 et
741 3849 980 3922 Gnosticorum
1000 3857 1100 3945 aliqui
1120 3853 1238 3942 cstechu

184 3935 451 3992 menosaetorsrsse
469 3929 640 4010 dronntur,
666 3944 703 3996 nt
723 3933 885 4002 Basilides
905 3943 1053 4017 πενταετῆ
1071 3933 1238 4016 emerissus}

72 4047 78 4056 ·
157 4027 161 4044 ¹
185 4005 346 4102 imposuit
364 4009 591 4104 racemosus.
631 4011 752 4111 Enseb.
774 4017 861 4084 Hist.
882 4017 973 4087 Ecrl.
992 4021 1055 4118 IV,
1073 4035 1101 4094 7.
1123 4033 1188 4114 148.
1205 4013 1238 4082 st

7 4121 8 4128 ι
79 4115 84 4136 ·
169 4089 366 4174 «ditescat,
392 4094 657 4180 signaculum
685 4095 966 4204 languseuthsl
991 4103 1083 4172 abead
1111 4095 1237 4192 sigtufitt
