2502 4630
124 450 187 512 otte
203 438 279 519 ναία
298 443 406 516 ἔπεσον
427 449 463 517 ἐν
480 409 586 532 ποία·-
610 459 635 478 ·’

5 601 35 668 ed
55 623 152 692 quam
174 627 295 694 parum
316 620 427 676 tamen
449 605 607 678 oredihiia
622 609 665 674 sit
684 609 730 676 ita
743 609 915 697 scripsisse
928 603 1080 698 Aeschy-

5 711 63 765 1m,
103 688 245 756 indicavi
270 694 306 758 in
333 693 536 782 praefatione
568 693 610 760 ad
641 693 794 760 Bacchas.
851 693 965 792 Itaque
1023 692 1081 774 uid

5 772 110 838 ‚rodost
129 772 318 844 facillimam
340 799 410 846 esse
431 777 875 864 airismodioorreotionem,
899 801 928 844 sr
949 777 980 844 ei
999 779 1011 843 i
1036 775 1081 844 ud

6 869 84 936 sest,
125 869 181 940 ut,
224 861 316 950 quod
343 863 384 928 de
412 862 671 950 transpositione
702 863 867 950 praedicat
899 863 1079 944 Porsonus,

5 943 73 1004 tiam
92 942 135 1006 sit
154 941 342 1012 tutissima?
369 945 480 1014 Immo
507 947 551 1014 ob
572 945 760 1014 facilitatem
781 969 879 1034 saepe
898 944 998 1013 fallax
1020 956 1080 1028 est,

5 1036 65 1090 usto
91 1049 132 1092 ue
151 1031 272 1118 magis,
310 1043 432 1119 quanto
455 1041 504 1096 est
524 1031 717 1130 speciosior.
748 1032 878 1104 ,Nescio
900 1053 941 1100 an
963 1053 1001 1098 eo
1022 1035 1079 1096 re'-

5 1049 104 1176 nenda
124 1113 191 1176 sint
209 1115 309 1182 verba
335 1113 570 1206 Xenophontis
599 1115 635 1182 in
655 1115 806 1203 Agesilao
826 1113 867 1185 il.
891 1123 940 1182 12.
963 1125 995 1180 et
1016 1115 1080 1182 Hi·
1139 1169 1143 1180 .

5 1197 72 1260 toria
95 1197 216 1264 Graeca
238 1195 295 1264 lv.
316 1207 353 1278 3,
387 1210 437 1270 19.
460 1222 543 1288 quae
561 1201 730 1299 Longinus
753 1223 781 1265 o.
806 1207 856 1268 19.
876 1199 987 1264 aflert:
1028 1201 1081 1264 καί

5 1273 176 1362 ι’μθὰίίντος
197 1277 254 1356 reis·
273 1279 405 1360 ἀσπίδας
428 1285 599 1363 ἐωθοῦντο,
641 1289 831 1364 susurrares,
875 1277 1079 1360 ἇπίθνησκόν.

5 1365 67 1443 tuae
90 1363 280 1433 Schaeferus
302 1368 359 1434 ilio
380 1391 481 1458 quem
500 1391 600 1457 supra
622 1366 694 1432 dixi
713 1367 805 1448 loeo,
838 1389 944 1456 quum
964 1377 1080 1432 eontra

5 1448 255 1531 mandationem,
298 1475 398 1540 quam
422 1453 504 1549 olim
523 1462 764 1548 proposuerat.
806 1451 889 1517 bene
911 1462 1018 1518 essent
1037 1450 1078 1516 ab
1107 1491 1118 1504 ι

5 1533 209 1602 ,Βῑῃᾱοι-Ηο
240 1533 387 1617 defensa,
432 1559 502 1636 μοι
530 1559 577 1602 sie
613 1535 784 1602 scribenda
809 1531 984 1618 judicavit:
1009 1537 1079 1633 ²scisci
1176 1606 1186 1628 κ
1243 1509 1244 1520 ί

5 1613 175 1718 νμβαλόνπςς
195 1615 250 1694 τοὶς
270 1616 401 1696 ἀσπίδας
430 1626 595 1706 ίμαχοντο,
636 1615 767 1701 ἐώθουν,
810 1621 976 1699 ἐωθοῦντο,
997 1621 1077 1684 ant-

5 1723 98 1781 αινον,
128 1707 339 1782 απεθαησκον·
361 1727 437 1808 xquo
460 1716 679 1806 congruerent
691 1725 777 1804 'eum
799 1702 848 1768 his
871 1701 1079 1804 Cyropaedia
1195 1781 1202 1794 ,

5 1781 45 1848 ''li-
67 1795 99 1864 t,
129 1794 183 1855 38.
218 1785 310 1864 αὖθίς
331 1814 389 1875 γαρ
408 1785 578 1874 ἀνεβόησαν
599 1812 630 1854 τε
655 1811 766 1862 παντες
787 1791 839 1852 καί
858 1809 1078 1872 προςπεσοντες

5 1863 135 1951 νάχονπο·
164 1863 296 1954 ἰνίθουν,
329 1875 496 1940 ἐωθοῦντο·
529 1875 679 1938 ἐπαίοντο.
721 1873 800 1938 Non
819 1893 905 1959 nego
954 1870 1078 1938 otuisss

5 1951 233 2044 {onophontem
253 1957 298 2024 ita
317 1959 474 2038 scribere,
499 1968 534 2022 ut
578 1956 660 2022 iacet
675 1954 866 2022 Schaefero:
888 1893 951 2021 sed
967 1955 1077 2044 serip-

5 2059 51 2100 sse
71 2048 183 2104 tamen
202 2041 266 2120 ita,
308 2041 521 2108 vehementer
545 1979 673 2107 dubito.
731 2039 774 2104 Et
801 2040 912 2127 primo
942 2038 1078 2134 quidem

6 2131 109 2206 ropter
135 2123 245 2221 ipsam
272 2125 426 2192 loeorum
462 2123 598 2190 iilorum
629 2125 862 2190 diversitatem.
915 2123 1003 2196 Nam
1041 2143 1108 2188 ιη’

5 2203 179 2290 {ysopaedsa
200 2221 368 2290 narratur,
411 2209 492 2297 quid
512 2209 546 2274 in
567 2209 679 2274 medio
701 2201 829 2294 proelio
852 2207 937 2272 cirea
950 2205 1076 2286 ¹vuine-

5 2297 75 2351 stum
97 2291 228 2378 Cyrum
247 2292 371 2360 iactum
392 2293 451 2358 sit:
483 2314 546 2380 qua
569 2292 604 2356 in
625 2315 661 2356 re
682 2293 748 2358 duo
768 2299 900 2380 semper
922 2290 1078 2380 opposita
1111 2339 1114 2348 ,

6 2371 112 2458 rriptor
132 2373 326 2463 conjunxit,
369 2398 436 2524 <plo
461 2377 566 2473 magis
598 2387 721 2463 quanto
751 2375 942 2440 animorum
955 2373 1078 2444 ardore

6 2468 154 2542 agnatum
177 2472 261 2526 esset
282 2472 375 2528 osten
400 2471 485 2526 eret:
522 2482 558 2524 in
575 2460 855 2548 Agesilaoautem
879 2469 912 2524 et
931 2459 1078 2524 Historia

6 2559 90 2604 rasos
112 2543 246 2608 initium
267 2567 397 2634 pugnae
418 2544 626 2622 describitur,
658 2565 762 2632 quum
784 2541 951 2630 Agesilaus
969 2543 1076 2608 inter-

6 2635 82 2708 sptos
112 2625 308 2708 Thebanos,
353 2651 395 2694 ne
422 2629 462 2692 ad
492 2649 571 2692 suos
605 2637 875 2713 perrumperent,
915 2625 1097 2712 impedire¹

6 2719 153 2774 rueretur.
201 2711 241 2776 ln
268 2711 362 2800 eujus
393 2712 442 2777 rei
467 2709 678 2798 expositione
706 2719 743 2772 nt
764 2710 887 2795 pariter
906 2710 1077 2796 potuerint

7 2793 62 2877 argi
90 2796 271 2873 contraria,
313 2797 505 2884 praemisso,
527 2793 662 2882 quidem
688 2791 791 2858 verbo
812 2791 969 2881 ‚generali
998 2787 1103 2874 ipsi-1¹
1185 2842 1193 2854 ,

7 2897 76 2954 παν,
103 2877 133 2942 si
157 2901 233 2944 cum
256 2879 430 2946 Schaefero
452 2874 569 2943 ἐαῖθονν
589 2882 728 2956 inseras,
772 2887 884 2942 tamen
904 2875 1077 2948 fatendum

7 2967 35 3036 t,
56 2960 88 3022 in
110 2961 276 3028 librorum
298 2965 460 3052 scriptura
481 2963 633 3028 ἐωθοῦντο
654 2961 782 3040 solum,
803 2962 982 3048 primoque
995 2959 1073 3026 loeo

7 3045 136 3125 ositum,
180 3045 389 3134 aptissimum
419 3069 505 3124 esse,
547 3047 623 3134 quia
656 3056 775 3110 neutm
813 3044 972 3110 exercitui
1005 3053 1075 3109 tam

7 3145 131 3214 ugnare,
170 3153 269 3217 quam
288 3129 383 3197 'alteri
405 3143 443 3196 ut
463 3139 710 3218 perrumperet,
747 3127 838 3194 alteri
859 3139 897 3192 ut
916 3149 1074 3215 perrum-

8 3211 122 3278 entibus
146 3214 311 3280 resisteret
332 3237 428 3294 surae
449 3225 534 3280 erat:
575 3216 611 3278 in
633 3235 706 3302 quo
721 3213 870 3301 primum
893 3223 960 3278 erat
980 3222 1018 3276 ut
1039 3231 1075 3276 ss

8 3295 111 3360 uicem
134 3319 175 3360 ur
197 3311 303 3378 erent,
325 3299 506 3364 secundum
530 3309 569 3363 nt
588 3299 624 3362 in
645 3296 793 3395 urgendo
814 3316 931 3361 manus
951 3316 1074 3367 eonse-

8 3392 91 3442 uent:
113 3320 202 3448 undis
224 3395 256 3449 et
276 3384 387 3449 caedes
409 3395 442 3448 et
462 3391 596 3472 strages.
640 3381 766 3448 Deinde
788 3379 878 3468 quod
898 3377 1074 3472 praeeedit,

11 3461 174 3545 pssaidvrsr
195 3462 250 3541 eds
272 3464 417 3546 α’ππίδας,
461 3466 514 3531 vei
535 3466 683 3530 maxime
730 3463 850 3529 esuriat
879 3464 990 3528 statim
1012 3461 1073 3530 adr

8 3548 64 3634 uagi
92 3552 256 3618 indusiato.
303 3549 342 3616 Id
368 3553 441 3640 ipse
469 3547 567 3615 docet
592 3551 713 3637 Xenop
741 3569 786 3614 on
807 3549 891 3614 Hist.
921 3547 980 3612 Gr.
1000 3543 1074 3612 VH.

9 3637 83 3708 ,aa
109 3642 146 3700 αί
163 3659 195 3700 τε
218 3633 340 3710 ἀσπίδες
360 3631 436 3702 πολι)
456 3635 568 3717 μᾶλλον
591 3635 653 3700 τῶν
672 3627 821 3719 θωράκων
849 3635 900 3696 καί
920 3632 981 3696 τῶν
1000 3632 1073 3716 ye'p'·
1139 3637 1141 3642 ’

9 3741 34 3778 ον
55 3721 104 3782 καί
126 3713 300 3805 στσγᾶζοοσν
318 3717 356 3786 τοί
377 3715 521 3802 ovipara,
562 3723 623 3784 καί
640 3713 716 3802 πρός
735 3712 771 3782 sd
792 3712 945 3780 ὠθεῖσθαι
965 3721 1074 3801 obrep-
1123 3790 1138 3811 ·
1163 3718 1176 3772 ’κ

9 3795 130 3880 ἕζονται,
171 3800 247 3888 uode
268 3807 333 3878 τοῖς
352 3801 445 3886 ὤμοις
467 3794 563 3866 οὖσαν.
608 3803 723 3890 Neque
750 3801 833 3866 iilud
857 3797 1073 3899 praetereun-
1147 3848 1152 3854 .

9 3903 56 3950 um
83 3887 230 3968 videtur,
273 3909 378 3975 quum
406 3889 442 3952 in
467 3885 618 3990 Agesilao
649 3885 729 3952 haee
749 3884 980 3972 subjiciuntur:
1021 3881 1074 3986 spi

9 3967 86 4054 ναυγὴ
105 3976 160 4054 μὲν
182 3969 304 4055 οὐδεμία
324 3973 445 4056 παρῆν,
474 3995 509 4034 ou
524 3965 586 4052 ivis
606 3967 673 4035 οὐδὲ
694 3965 778 4054 σιγή·
808 3963 894 4051 φωναί
915 3969 950 4032 ds'
966 3989 1073 4061 raons

10 4053 116 4135 νιαθτη,
142 4067 211 4124 οἵαν
230 4051 304 4144 ὀργή
325 4079 355 4122 τε
372 4059 421 4122 καί
443 4051 527 4141 μάχη
546 4049 724 4138 παρᾶσχονο’
744 4051 799 4118 ἂν·
828 4051 936 4120 multo
960 4059 1072 4146 apiro-

10 4161 49 4204 sm
77 4164 146 4209 esse
172 4153 241 4208 tam
269 4142 349 4206 aeris
378 4151 475 4227 atque
495 4140 613 4205 atrocis
635 4135 854 4206 dimicationis
874 4136 1083 4221 desenptio-¹

10 4245 72 4304 ern,
100 4227 129 4292 si
148 4247 218 4292 non
237 4224 372 4313 incipiat
393 4223 494 4292 verbo
515 4219 682 4310 ἐμάχοντο,
712 4221 803 4310 quod
822 4221 888 4288 isto
907 4219 984 4286 loeo
1004 4239 1073 4308 po·
