2488 4640
29 438 87 502 ints
112 437 117 450 '
141 435 260 500 entiam
279 433 468 523 patefacere.
518 422 687 502 De'rebus
706 432 962 512 mathematicis,
1016 433 1113 505 hsta
1154 433 1156 442 '
1236 463 1237 470 ¹

27 523 117 600 cis,c
140 518 281 592 esnisia·
302 523 523 607 (quamquam
544 519 587 585 de
606 517 658 584 his
679 517 839 586 omnibus¹
854 457 1026 586 vermeria
1039 455 1113 586 in-

25 627 78 690 gua
97 601 187 668 scribi
211 603 391 667 consultius
414 604 675 686 existimamus),
687 602 754 666 'sed
773 603 886 674 Latine
899 603 946 676 *de
967 602 1010 668 iis
1028 605 1113 670 sori*

23 691 141 753 beatem
168 686 242 774 quis
270 684 372 764 ferat,
412 688 469 773 qui
490 686 598 776 longis
623 685 812 772 ambagibus
845 697 956 752 utatur
979 687 1114 758 Latina-

22 795 88 838 rum
110 769 267 860 loquendi
285 767 522 849 formularum,
544 829 547 838 .
566 769 686 858 quibus
710 791 762 834 ros
783 764 853 834 iion
874 770 1113 860 exprimantur,

23 855 71 920 scd
96 861 273 940 arcamque
289 851 548 919 describantur?
588 853 731 920 Afferam
762 853 916 942 exempla
943 853 1113 943 quaedam.
1146 847 1151 872 ⁸

21 941 172 1004 Numeros
220 937 325 1001 simos
347 938 432 1002 inter
451 961 503 1018 se,
527 937 827 1011 denominalorem,
854 940 1112 1014 n‘umeratorem,

20 1021 152 1110 regulam
172 959 385 1108 affigationis,
406 1020 527 1086 lineam
546 1021 749 1099 normalem,
774 1020 909 1108 pondus
928 1021 1113 1102 relativam,

42 1106 139 1171 ondns
162 1104 370 1182 absolutum,
391 1105 525 1176 tubulos
548 1103 732 1192 capillatos,
763 1103 906 1170 indicem
929 1105 1112 1170 mercuria·

19 1131 75 1256 iim
96 1188 462 1276 (Eleaticitci'tsreiger
479 1187 534 1254 tei
553 1189 616 1254 der
636 1185 813 1276 Lnftpnm-
839 1210 859 1252 e
887 1187 1034 1266 ,tubum
1054 1209 1111 1253 re-

18 1275 191 1340 flectentem
211 1271 560 1362 (Spiegelleieskop),
582 1269 712 1342 acidum
734 1209 973 1358 sulpiiarioum,
994 1293 1114 1360 aquam

19 1358 109 1445 regis,
152 1377 264 1420 arcum
287 1355 527 1422 semidiurnum
554 1349 697 1442 (luilber
722 1353 950 1442 Tagebogren)
978 1366 1011 1439 et
1031 1375 1111 1420 een-

18 1455 80 1506 lena
99 1438 200 1528 hujus
222 1439 348 1527 generis
371 1439 431 1503 alia
452 1440 546 1528 quis,
569 1441 628 1528 qni
646 1439 759 1503 Latine
780 1437 910 1518 scribit,
931 1459 1002 1503 non
1024 1441 1112 1506 ausit

17 1521 166 1589 scribere?
189 1526 275 1588 'Aut
301 1522 391 1609 quis,
434 1523 491 1610 qui
516 1522 611 1612 legit,
651 1519 804 1590 arnandet
838 1523 1036 1610 scriptorem
1072 1521 1112 1589 ad

17 1607 150 1672 Nolteaii
169 1607 317 1672 Lexicon
340 1605 599 1684 antibarbanim,
640 1603 734 1694 eujus
764 1627 887 1672 novam
908 1617 941 1670 et
962 1604 1110 1672 vocabu·
1187 1599 1215 1622 '⁶

17 1692 50 1756 lis
78 1689 243 1780 ejusmodi
270 1672 441 1754 r'efcrtam·
460 1689 638 1756 editionem
676 1709 804 1774 curare,
846 1689 953 1754 nobis
977 1687 1112 1776 quidem

15 1775 110 1840 mallo
133 1773 301 1838 difficilius
322 1773 467 1853 videtur,
496 1793 597 1861 quam
619 1783 697 1864 post
716 1770 1111 1860 Lipsiensemzlibrarium

14 1881 131 1924 novum
150 1857 300 1922 Lexicon
321 1857 579 1922 conversationis
608 1858 717 1934 cdere,
758 1855 817 1923 ad.
850 1855 919 1920 uod
942 1857 1111 1955 vituperad

15 1944 138 2008 torisia
156 1961 272 2006 rursus
294 1963 312 2004 a
332 1941 493 2028 scriptore
512 1933 714 2009 amandetur.
756 1877 852 2004 Heni
873 1937 1039 2004 dissimilis
1062 1950 1112 2004 est

14 2027 85 2092 ratio
105 2027 140 2090 in
160 2025 261 2091 rebus
281 2023 539 2111 philosophicis,
559 2025 598 2088 iis
616 2023 770 2110 quidem,
791 2021 831 2086 de
852 2023 970 2111 quibus
991 2023 1109 2088 novis-

15 2113 161 2174 simarum
193 2107 381 2174 scholarum
411 2107 462 2172 vel
489 2119 637 2172 auctores
666 2107 719 2171 vel
755 2118 930 2172 sectatores
959 2107 1110 2204 primum

14 2195 258 2280 explicaverunt.
313 2189 416 2256 Facile
437 2192 633 2256 assentimur
664 2189 742 2254 viris
765 2189 1009 2269 eruditissimas,
1053 2183 1130 2277 qui'

14 2279 150 2342 Latmom
168 2277 317 2363 linguam
341 2277 374 2338 in
394 2271 607 2363 philosophia
626 2285 797 2369 tamquam
812 2289 966 2338 normam
988 2293 1108 2360 qnam·

13 2361 78 2425 dam
104 2372 137 2428 et
161 2357 311 2446 regulam
340 2360 611 2423 commendavere
641 2355 890 2440 iudicandarum
920 2357 1108 2432 notionum,

13 2465 100 2530 quac,
144 2465 215 2541 quo
248 2437 363 2506 clarius
400 2443 556 2529 cogitatae
582 2441 663 2519 sint,
709 2463 747 2505 eo
781 2439 905 2504 similius
934 2439 1107 2528 peregrino

12 2529 97 2592 etiam
118 2529 281 2594 idiomate
300 2525 443 2612 exprimi
471 2527 615 2614 possint:
658 2525 927 2612 girandoquidem
953 2523 1107 2590 obscuri·

15 2623 53 2676 tas
73 2631 312 2700 saepenumero
333 2607 555 2696 proficiscitur
584 2629 654 2673 non
674 2618 745 2673 tam
764 2629 807 2672 ex
830 2617 1021 2695 paupertate
1039 2605 1108 2670 lin·

13 2717 104 2782 guae,
142 2717 244 2783 quam
263 2692 306 2758 nb
326 2693 440 2789 inopia
459 2693 612 2770 illorum,
633 2691 700 2839 pai
720 2711 828 2778 neque
848 2713 889 2754 co
916 2691 994 2769 ‘tare
1008 2701 1108 2769 reete,

12 2801 62 2843 aec
83 2791 172 2843 recte
195 2777 337 2842 scribere
356 2777 546 2846 didicerunt,
590 2775 632 2840 Se
675 2795 745 2839 non
766 2773 883 2838 coditi
927 2774 1053 2839 crimen
1071 2774 1108 2838 in

11 2863 159 2942 Kairtios,
191 2859 355 2938 Fichtios,
384 2857 618 2947 Schellingioss
637 2859 713 2946 qui,
735 2875 818 2944 quae
838 2856 952 2923 divino
974 2857 1106 2946 ingenio

10 2958 129 3034 reperta
147 2967 239 3012 nova
258 2944 485 3032 protulerunt,
521 2943 596 3030 quis
616 2965 693 3006 sana
713 2951 825 3006 mente
843 2941 1010 3028 praeditus
1041 2939 1106 3005 ob·

11 3031 118 3095 ducere
148 3029 308 3096 sustineat
334 3027 470 3116 ealigine
499 3051 535 3090 ac
561 3026 703 3092 tenebris
734 3021 927 3103 verborum,
968 3021 1010 3090 ad
1030 3023 1106 3088 alias

10 3114 175 3202 signandas
211 3113 365 3178 notiones
400 3135 419 3176 a
453 3111 611 3175 Romanis
646 3103 894 3198 praecisorum?
939 3109 1020 3186 Aut,
1070 3117 1107 3170 ut
1148 3172 1153 3182 ,

12 3199 199 3288 exemplum
222 3207 372 3285 percamus
392 3193 432 3261 ab
454 3217 490 3260 ea
510 3213 564 3274 re,
603 3215 687 3282 qaae
713 3191 801 3280 apud
830 3211 946 3256 omnes
968 3187 1105 3278 pervul-

9 3293 72 3370 gata
94 3293 159 3362 est,
202 3281 276 3368 quis
297 3301 405 3344 novos
427 3300 593 3344 novorum
615 3296 791 3342 munerum
819 3287 918 3370 atque
932 3271 1107 3340 ’honorum

9 3366 133 3446 elidos,
162 3367 300 3452 antiquo
321 3362 404 3426 Latii
423 3362 512 3426 velut
533 3359 645 3428 colore
665 3363 801 3426 tinctos.
822 3379 910 3423 -siae
929 3359 1107 3446 interprete

11 3451 161 3538 intelligat
183 3459 277 3514 extra
297 3447 454 3535 patriam,
491 3445 526 3512 in
546 3465 611 3542 qua
631 3445 702 3510 noti
722 3453 797 3507 sunl
819 3441 987 3520 homines,
1020 3441 1104 3504 titu-
1164 3511 1168 3519 p

10 3533 113 3598 lorum
154 3533 290 3598 illorum
321 3529 522 3595 ornamentis
549 3523 714 3616 insignes?
756 3525 907 3614 Stigliaio
937 3524 1104 3603 Ernestius

6 3619 208 3682 Ciceronem·
223 3617 267 3680 ita
289 3612 471 3700 inscripsit,
500 3623 538 3678 nt
556 3624 735 3702 patronum
757 3631 856 3674 suum
876 3609 1054 3697 appellaret
1071 3607 1105 3672 in
1169 3649 1172 3659 ,

8 3704 92 3789 regio
109 3700 249 3772 'udicio,
272 3698 312 3762 ad
333 3696 424 3782 quod
463 3697 677 3762 revocatione
701 3703 850 3770 certatur,
871 3689 1104 3787 consiliarium,

10 3723 217 3872 incoilagio,
258 3782 350 3870 qnod
373 3782 408 3846 in
429 3717 602 3848 sinadensis
621 3777 785 3868 Lipsiensi
811 3777 943 3866 dejure
962 3794 1106 3864 respon·

8 3930 208 3951 ...ὴ-ι*

69 4037 142 4078 acm,
184 4016 329 4069 docuerunt
346 4031 389 4066 mc
408 4011 582 4064 Berolieeassa
599 4009 724 4072 editores,
757 4013 880 4078 pleraque
898 4007 1003 4064 ‘Graeca
1027 4009 1104 4060 verbs

71 4105 141 4147 esse,
177 4104 241 4152 quac
268 4081 428 4152 vituperandi
453 4099 569 4132 massam
596 4081 732 4133 desiissent
776 4079 805 4132 id
822 4096 869 4146 ego
887 4077 1006 4132 sensiam
1024 4076 1108 4130 satu

73 4175 104 4208 ει
127 4157 224 4225 pactili
246 4156 422 4220 institutione:
456 4150 501 4202 sed
525 4149 705 4202 malefecisse
735 4149 909 4207 Frontonem,
944 4143 1051 4200 Graecia
1072 4147 1107 4200 ita
1161 4163 1180 4190 t

57 4242 171 4296 „usam
186 4223 381 4284 uicenam
398 4236 481 4287 neque
499 4235 569 4272 aeno
585 4219 660 4272 aliter
676 4222 768 4272 senno.
