2492 4636
11 461 49 506 uo
66 435 184 504 Vestris
205 433 344 522 ingeniis
363 433 418 500 vet
435 433 485 500 rei
505 431 610 524 ipsius
687 418 806 518 vitate,¹
825 437 893 510 hcc
913 425 1060 510 a'Volils

11 533 66 592 teto,
98 529 133 584 ut
160 517 298 582 oratoris
322 515 456 606 quidem
487 539 506 582 a
526 537 583 582 rue
602 539 623 582 o
660 519 758 586 cium·
775 531 807 586 et
825 527 1060 612 praestantiam

11 627 30 670 te
45 599 181 700 exigatis,
208 599 559 747 selqhmerliocritatem‘
580 611 614 664 et
635 600 808 668 infantiam
830 627 940 672 meam
963 611 1061 700 aequi
1153 661 1154 664 ,

11 709 56 752 on
77 703 115 748 ue
180 703 240 746 usu
300 703 327 746 s.

58 707 103 833 lc
115 705 329 852 Philosophia
344 761 489 852 quiderm
509 785 596 850 quae
613 775 703 829 reete
723 763 764 830 ab
781 768 925 856 antiquis
943 793 1058 840 rerum

11 849 153 916 livianum
172 857 204 914 et
223 845 446 912 humanarum
466 845 603 912 seientia
624 843 758 913 delinita
776 859 837 930 est,
858 861 891 914 et
908 851 1059 940 ipsarum

11 955 95 1012 prum,
112 951 251 1018 quarum
269 929 441 997 scientiam
458 929 645 1018 pollicetur,
666 928 918 1017 magnificentia,
939 945 973 1002 et
991 937 1060 1002 uti·
1128 957 1132 984 ¹

12 1013 71 1080 itatis
92 1009 287 1078 abundantia
312 1010 448 1098 reliquis
475 1011 632 1077 omnibus
660 1012 821 1080 doctrinis
846 1015 930 1081 adeo
955 1041 1057 1108 prae·
1105 1061 1107 1066 ·

13 1107 49 1168 tat,
75 1105 108 1160 ut
123 1093 231 1160 maior
250 1113 359 1182 neque
378 1113 448 1157 esse
468 1115 577 1180 neque
597 1093 794 1182 cogitatione
818 1096 927 1186 effingi
946 1099 1058 1188 possit.
1087 1133 1090 1143 -
1112 1129 1122 1166 .-

11 1181 67 1244 laec
83 1177 173 1248 enini,
196 1194 272 1242 uam
294 1186 327 1240 et
347 1197 408 1240 nos
430 1175 531 1263 ipsos,
550 1185 592 1260 ,ep
610 1175 709 1242 huius
729 1177 874 1244 universi
892 1193 1058 1266 naturam,

11 1275 22 1326 t
35 1260 163 1326 omnium
181 1281 294 1324 rerum
314 1268 483 1322 auctorem
497 1256 610 1324 Deum
629 1281 827 1348 cognoscem
846 1281 906 1327 nos
928 1265 1057 1348 doceat,
1145 1301 1151 1310 ·

11 1342 110 1410 auitatis
128 1363 165 1406 aa
185 1341 318 1406 virtutis
341 1349 389 1405 est
404 1339 569 1436 magistra,
591 1341 754 1422 errorum}
777 1345 1053 1432 superstitionum

11 1425 164 1492 novitiorum
178 1421 361 1514 expultrix,
376 1423 553 1490 hommum
568 1417 700 1512 ingenia
712 1423 755 1490 ad
768 1423 1009 1494 inveniendum
1025 1439 1057 1496 et

11 1505 212 1572 liiudimudum
238 1525 358 1570 verum
388 1505 490 1584 acuit,
525 1505 667 1594 denique
688 1527 760 1588 res,
798 1529 882 1602 qnae
905 1513 1055 1600 ,cogitari

11 1599 112 1660 rossunt,
142 1585 287 1676 singulas
307 1596 407 1676 atque
425 1587 596 1653 tmiversas
618 1609 679 1653 sua
694 1589 925 1676 magnitudine
959 1615 1055 1659 eom-

11 1671 127 1752 uertitur,
159 1691 286 1756 suaque
304 1670 339 1733 vi
359 1678 566 1758 pervagatur,
602 1680 640 1734 ut
660 1669 732 1734 siue
760 1669 830 1736 eius
850 1671 997 1741 subsidio
1018 1677 1054 1742 in

11 1755 65 1819 nlla
88 1746 270 1840 disciplina·⁴
286 1759 489 1840 magnopere
516 1751 589 1838 quis
620 1751 785 1842 prolicere
811 1755 928 1842 possit.
987 1757 1053 1824 Sed

11 1835 55 1902 uic
71 1845 129 1898 tam
147 1834 338 1924 praeclarae
358 1833 529 1914 doctrinae
547 1843 677 1908 tanturn
697 1833 787 1902 abest
806 1845 843 1900 ut
863 1859 940 1903 snus
961 1861 1055 1905 sern-

11 1939 43 1982 ur
57 1915 170 1982 habitus
191 1916 236 1980 sit
251 1915 369 1987 honos,
385 1925 423 1980 ut
465 1914 551 1980 otius
568 1917 660 1980 nulla
679 1927 784 1984 aetate
805 1917 978 1994 defuerint„
996 1921 1054 2010 qni

11 2019 52 2064 un
68 2010 225 2080 vexarent,
257 1937 462 2074 deriderent?
491 1996 705 2084 exagitarent.
746 1999 848 2065 Cuius
868 2009 1055 2074 contemtus

11 2103 82 2144 ausa
99 2081 130 2145 iu
148 2081 255 2168 ipsam
273 2077 526 2168 Philosophiam
546 2079 664 2146 cadere
679 2081 829 2170 profecto
849 2105 918 2148 non
932 2096 1054 2174 potest.

11 2163 83 2228 leno
101 2163 183 2228 enim
203 2161 302 2228 facile
328 2173 397 2226 tam
426 2161 627 2231 inhumanus
646 2161 839 2250 ferreusque
857 2167 1055 2254 reperiatur,

11 2245 58 2330 quia
79 2245 198 2332 cognita
224 2245 296 2308 eius
321 2239 540 2334 praestantia,
576 2245 678 2309 veluti
704 2243 884 2312 divinitatis
910 2249 1055 2332 quodam

12 2326 139 2412 pleniore
156 2327 340 2416 perculsus,
361 2341 435 2392 earn
457 2347 501 2390 ex
524 2325 636 2392 animo
660 2338 837 2392 veneretur
855 2351 1056 2418 summoque

12 2431 95 2472 rurore
110 2420 338 2555 pruseq‘ptur.
393 2407 525 2474 Verum
551 2407 626 2498 ipsi,
661 2409 719 2497 qui
743 2429 819 2505 eam
845 2409 1055 2500 profitentur,
1126 2461 1130 2468 -

230 2431 251 2473 u

12 2491 224 2580 tancPhilosop
265 2511 304 2555 ae
330 2489 565 2580 adspersentut
591 2489 701 2556 labem
709 2515 720 2574 3
763 2515 820 2580 qul
847 2517 924 2560 cum
951 2497 987 2562 in
1015 2519 1055 2562 ea
1126 2553 1128 2558 ,

12 2571 111 2638 lucenda
132 2573 393 2640 commendanda
418 2593 459 2636 ue
483 2592 675 2660 perversam
710 2587 928 2662 sequerentur
948 2579 1055 2645 ratio-

13 2675 64 2730 nu,
79 2655 244 2726 hommum
262 2674 358 2720 error
377 2595 419 2722 ad
438 2654 547 2743 ipsam
568 2647 780 2800 disciplinam
806 2659 974 2724 tradamus
995 2671 1064 2740 est,

13 2736 251 2832 uPhilosophia,
289 2756 365 2802 cum
395 2737 506 2803 omnis
532 2735 651 2801 felicita
667 2759 695 2800 rs
724 2747 809 2802 esset
837 2739 1054 2816 conciliatrix,

13 2837 127 2902 rugarum
143 2835 416 2908 somniorumque
434 2815 548 2906 opifex
569 2817 635 2882 dici
653 2816 836 2906 haberique
855 2823 973 2910 coepit
1126 2819 1140 2842 ⁹

58 2901 150 2966 Huius
170 2901 363 2968 calamitatis
383 2901 486 2966 veluti
515 2897 642 2964 fontem
662 2900 691 2966 si
721 2900 878 2988 indagare
898 2905 1053 2987 velimus,

13 2979 129 3070 tduplici
146 2983 321 3050 hominum
363 3003 461 3048 enare
480 2997 634 3076 manupae
651 2981 812 3048 videatur.
855 2985 943 3050 Cum
963 2987 1054 3054 urim
1150 3005 1162 3070 ,’

14 3075 91 3146 arent,
120 3065 171 3154 qui
203 3089 240 3131 se
259 3077 292 3130 et
311 3003 531 3149 Philosophus
553 3063 618 3129 dici
632 3075 664 3130 et
674 3064 832 3156 imperito
848 3067 949 3155 vulgo
969 3089 1055 3134 verr-

14 3141 79 3210 litare
95 3159 253 3236 superent,
273 3145 443 3214 abstrusae
462 3145 716 3234 reconditaeque
734 3147 889 3213 scientiae
908 3149 1054 3238 speciem

14 3223 165 3312 tremunt,
195 3231 314 3296 haeae
333 3230 506 3311 iactamnt,
535 3239 568 3293 et
595 3229 799 3296 sanctissima
817 3229 1055 3322 Phllosophiae

14 3311 109 3376 nerana
126 3313 318 3402 opinionum
333 3312 501 3392 inanitate,
523 3311 773 3377 distincdmum
792 3311 954 3397 futilitate,
975 3329 1056 3378 ver-

15 3407 149 3480 arumque
180 3395 332 3460 barbarie
361 3395 574 3484 repleverunt
606 3405 706 3485 atque
740 3407 1054 3482 conspurcaverunt

15 3471 51 3533 led
67 3475 115 3539 hos
132 3477 263 3566 quidem
282 3477 378 3560 irato,
399 3499 464 3566 quo
484 3476 553 3544 nati
573 3487 658 3560 sunt,
679 3475 787 3542 Genio
808 3476 1054 3558 relinquamus!

15 3551 126 3624 llterum
145 3581 245 3660 genus
276 3580 394 3624 eorum
426 3569 490 3640 est,
526 3559 685 3646 quicum
713 3562 823 3623 animo
851 3559 986 3646 quidem
1010 3562 1056 3624 ad·

15 3629 213 3728 lhiloroplnam
234 3643 428 3712 accederent
448 3640 599 3722 meliore,
631 3660 745 3707 errore
765 3649 876 3708 tamen
896 3641 1054 3710 laberen—
1138 3655 1144 3662 “

16 3723 113 3804 lucan
129 3725 235 3793 miuus
318 3725 363 3790 vis
418 3719 495 3792 Vici
515 3724 605 3787 enim
632 3721 695 3788 sibi
721 3733 797 3787 sunt
819 3719 863 3800 ad
882 3743 1053 3797 summum
1124 3771 1126 3778 ·

16 3815 55 3888 uus
68 3799 215 3894 fastigium
234 3829 252 3872 a
276 3808 434 3872 scandere
451 3825 566 3896 posset·
580 3805 619 3886 si,
640 3803 732 3872 omui
752 3805 890 3870 omnino
910 3807 1052 3872 aliarum

16 3873 212 3976 ltwpliuarutn
240 3889 460 3958 instrumento
488 3885 649 3959 destituti,
686 3885 734 3952 nil
754 3885 820 3952 uisi
848 3887 1055 3978 contempla-

16 3965 88 4054 lonis,
101 3964 133 4032 lu
149 3969 314 4056 vocabant,
332 3993 431 4038 usum
450 3981 547 4058 atque
564 3968 758 4036 exercitium
776 3969 951 4036 adferrent.
987 3972 1056 4037 At-

17 4059 48 4124 ttt
61 4045 253 4142 Philosophia
270 4063 340 4120 tam
358 4055 425 4120 late
442 4062 542 4144 patet,
574 4063 620 4124 ut,
658 4053 715 4140 qui
734 4073 805 4116 eam
826 4063 938 4116 mente
958 4073 1078 4116 com--

17 4123 285 4214 prehendere'velit
317 4137 346 4204 is
372 4122 442 4202 nod
464 4135 554 4202 intra
580 4133 719 4220 humani
745 4133 868 4221 ingenii
888 4134 1055 4222 augustias

1002 277 1060 350 sti
1148 269 1188 381 Ἰ
