2502 4630
1036 221 1100 290 os
1172 181 1174 191 .

10 419 77 464 inm
104 399 139 464 ia
164 393 272 464 littere
293 402 337 480 X,
366 395 515 476 maxime
533 413 715 486 congruum
736 395 882 467 invenies
903 397 1096 506 bngrneptis
1158 417 1160 424 '

10 483 216 570 leguntianis,
260 501 344 570 quae
377 481 405 546 ei
443 493 533 548 cum'
555 492 651 549 textu
677 481 959 572 vulgatorum.
987 495 1097 570 Διμη,

9 565 149 632 tdvdacov
175 577 237 632 etc.
262 565 523 654 computrueris,
544 587 663 655 negare
677 625 681 633 ,
695 589 766 632 non
787 568 930 652 poteris,
955 569 1097 660 eundern
1142 623 1145 642 .

9 653 213 718 irrationem
234 650 448 730 intercedere,
485 671 586 749 qaum
607 651 713 716 textui
735 649 866 738 vulgato
887 651 923 718 ln
943 675 998 722 vv.
1019 665 1096 724 Χα-
1209 691 1212 700 ·

9 739 134 820 ῐαρηνοί,
156 738 293 805 Χαδισίι
315 745 373 806 etc.
395 757 473 800 uum
494 737 739 817 αποσπασματίῳ
759 745 888 802 nostru.

32 823 105 886 lam
126 843 166 886 eo
192 830 390 918 perventum
411 829 477 898 est,
498 819 769 906 quotendimus,
791 830 829 884 ut
848 818 1019 900 fateamur,
1039 822 1095 887 vi·

9 905 59 970 leri
80 903 176 970 nobis
197 926 233 968 m
252 903 359 970 littera
380 911 423 968 Χ.
465 903 624 971 enuinum
645 914 678 967 ct
697 905 929 991 incorruptum
951 903 1095 992 Stepha-

9 989 25 1052 ii
53 1010 139 1076 opus
172 998 319 1066 exstare,
362 925 464 1074 quoti
490 1008 596 1074 quum
625 997 719 1052 antea
747 985 936 1074 conjectura
967 991 1096 1076 assequi
1149 1057 1153 1078 ι

9 1075 150 1152 iecisset,
172 1073 201 1136 si
219 1073 294 1158 'spuis
316 1068 464 1136 enimdm
484 1069 550 1146 huc
569 1071 778 1152 intendisset,
811 1093 900 1136 nunc
919 1069 1008 1160 jam,
1028 1071 1096 1138 hcc

9 1158 154 1242 epitomes
176 1154 362 1242 fragmento
383 1155 537 1230 invento,
567 1167 657 1226 certo
678 1155 796 1220 certine
819 1166 878 1220 est.
925 1155 990 1221 Sed
1013 1178 1096 1243 quae

9 1241 31 1304 le
50 1239 156 1304 littere
178 1245 222 1306 X.
244 1239 328 1304 dictu
349 1249 443 1312 sunt,
485 1237 600 1304 eadem
619 1239 738 1304 iisdem
758 1239 958 1327 argumentis
981 1239 1095 1305 dc'se-

9 1323 163 1410 tuentibus
193 1331 229 1388 Ψ
245 1333 279 1388 et
299 1326 332 1388 Ω
358 1321 492 1420 probari
518 1333 675 1410 posermt,
716 1343 794 1388 nam
822 1324 857 1388 in
880 1321 932 1386 his
961 1344 1096 1411 quoque

8 1408 152 1472 trolixius
174 1405 371 1472 est.dicend1
420 1427 499 1470 enus
530 1418 562 1472 et
582 1405 648 1472 loci
669 1417 842 1471 auctorum
862 1405 986 1494 ubique
1005 1408 1095 1473 inte-

8 1495 39 1576 ‚ri
72 1490 232 1578 exscripti
260 1501 362 1574 sunt.¹
398 1429 598 1556 lesensium
625 1491 725 1638 igitur
757 1489 844 1556 mihi
880 1501 945 1570 est,
988 1501 1096 1556 totam

8 1597 71 1640 nnc
96 1585 281 1640 extremam
312 1573 422 1662 operis
448 1584 578 1660 partem
605 1574 640 1638 in
664 1598 682 1639 e
709 1597 727 1638 a
752 1572 860 1638 littera
883 1581 920 1640 X
937 1573 1094 1639 incorru-

8 1671 80 1724 rtam
120 1670 151 1723 et
190 1659 346 1722 intactam
381 1657 610 1744 epitomatdris
646 1679 750 1738 manu
785 1657 882 1722 nobis
921 1657 1095 1739 traditam,

8 1743 129 1829 deoque
149 1751 279 1829 praeter
297 1739 522 1828 fragmentum
546 1740 629 1806 illud
663 1740 899 1828 Seguerianum
920 1743 997 1808 satis
1018 1765 1095 1806 ma·

8 1851 85 1912 pram
112 1826 248 1914 genuini
282 1825 391 1912 operis
419 1823 631 1914 Stephaniani
658 1835 787 1912 partem
813 1825 947 1890 lortunn
966 1823 1096 1892 favente

7 1911 83 1976 robis
107 1919 335 1976 conservatam
357 1921 437 1974 esse.
490 1909 551 1973 Cui
572 1910 750 1974 sententiae
778 1907 851 1974 leve
877 1907 1016 1996 quidem
1036 1907 1096 1974 sed
1151 1901 1154 1918 '

8 1995 31 2059 li
53 1995 123 2058 uod
148 2005 261 2058 tamen
289 2003 501 2058 momentum
528 2013 571 2058 ex
603 2015 642 2058 eo
674 1991 815 2071 accedit,
858 1991 950 2080 quod
973 1993 1009 2058 in
1027 1991 1096 2058 fine

8 2019 106 2144 :olicis
127 2077 237 2144 nostri
257 2077 419 2172 scriptum
437 2077 640 2142 invenimusr
668 2079 758 2152 Τελος
780 2075 841 2141 τῶν
861 2075 995 2142 τοπικῶν
1016 2083 1095 2143 Στι-

7 2157 102 2241 aa'sou,
145 2161 236 2226 nulla
259 2161 420 2246 epitomes
442 2159 612 2226 mentione
629 2157 732 2240 fecte,
791 2159 899 2226 unlem
919 2159 1015 2226 initio
1036 2183 1095 2226 re-

7 2247 86 2312 seriri
116 2267 218 2332 supra
247 2244 453 2310 monuimus.
502 2243 669 2310 Praeterea
697 2244 744 2310 sic
769 2183 866 2310 lacilc
893 2243 1094 2331 intelligitur,

7 2329 162 2418 leomodo
184 2328 406 2414 lragmentum
428 2325 512 2392 illud
535 2327 697 2414 epitomes
716 2327 751 2392 in
771 2327 920 2394 codicem
941 2337 1095 2394 nostrum

7 2417 205 2490 utineam,
227 2411 314 2476 unde
333 2409 387 2474 hio
406 2409 514 2482 fluxit,
525 2412 703 2497 irrepserit.
747 2409 862 2492 Quum
883 2411 973 2478 enim
992 2411 1095 2476 libra-

7 2499 54 2562 ius
76 2499 246 2586 epitomen
270 2493 454 2560 describens
477 2495 517 2558 nd
535 2493 677 2560 litteram
697 2502 734 2562 X
783 2495 974 2574 ervenisset,
1014 2517 1095 2560 ean·
1142 2503 1145 2514 “

7 2583 63 2646 lem
85 2581 257 2670 epitomen
287 2577 468 2646 describere
496 2577 660 2666 perrexit,
702 2601 738 2642 se
781 2601 907 2645 novem
926 2579 1094 2666 prioribus

7 2664 187 2732 ‚sationibus
209 2662 358 2751 scriptis,
388 2663 425 2726 in
442 2673 591 2728 mentem
612 2663 641 2728 ei
662 2662 770 2741 venit,
804 2661 889 2728 hunc
911 2674 1095 2728 extremum

7 2752 97 2838 >peris
122 2758 252 2836 portem
274 2757 402 2810 exstare
424 2745 601 2834 integram,
645 2765 815 2833 quumque
834 2745 955 2834 scripte
975 2745 1094 2826 delere,

7 2857 71 2920 puae
91 2844 162 2900 erat
175 2821 359 2906 bominum
382 2829 517 2894 illorum
538 2829 762 2909 cousuetudo,
789 2829 909 2911 nollet,
930 2829 1093 2918 epitomes

7 2919 80 2984 nitio
105 2918 234 3004 integra
254 2912 410 3002 Stephani
433 2913 540 2994 'verba
553 2909 735 3000 subjunxit

70 3001 136 3068 Sed
157 3001 352 3088 priusquam
369 3022 390 3073 e
409 2995 594 3086 fragmento
616 3007 734 3062 nostro
758 2993 974 3077 discedimus,
1011 3017 1092 3062 mo·

7 3087 136 3150 rendum
165 3094 240 3163 est,
271 3083 378 3148 inesse
407 3083 437 3148 ei
462 3081 635 3160 nonnulla,
681 3101 764 3168 quae
791 3079 825 3143 in
851 3089 947 3146 textu
975 3091 1092 3145 nostro

7 3171 119 3258 uulgato
142 3169 279 3246 desunt,
310 3167 409 3254 digna
427 3167 543 3254 igitur,
582 3165 618 3230 in
641 3183 723 3252 quac
744 3165 921 3230 n‘ccuratius
942 3164 1093 3268 inquira-

7 3275 52 3318 ur.
99 3255 141 3318 Et
157 3252 312 3341 primum
335 3251 470 3337 quidem
493 3273 519 3314 s.
542 3271 574 3314 v.
597 3253 751 3330 nauata,
792 3247 851 3314 ubi
871 3247 971 3336 vulgo
1001 3256 1091 3313 Εκα·

7 3341 72 3411 raies
93 3343 211 3424 ysssalo
231 3335 285 3398 ιῶν
308 3339 432 3418 δευτέρῳ
452 3333 620 3412 laudatur,
648 3332 715 3398 illic
737 3331 856 3420 legitur
875 3331 1040 3406 Ἑκαταῖος
1060 3333 1096 3396 ἐν

7 3427 91 3502 Actu.
124 3420 189 3487 Sed
210 3363 276 3484 lioc
295 3417 430 3510 librario
442 3417 661 3482 tribuendum
679 3427 781 3504 puto,
803 3417 871 3504 qui,
893 3437 998 3503 quum
1017 3439 1093 3481 sae·

7 3507 122 3592 tissime
145 3502 297 3572 Hecataei
316 3506 428 3568 Asiam
454 3499 579 3568 laudari
600 3501 741 3579 videret,
774 3499 828 3571 hic
849 3521 982 3587 quoque
1003 3498 1092 3564 cala-

7 3613 47 3654 no
72 3589 218 3656 celeriter
239 3599 389 3652 currente
409 3586 497 3650 idem
517 3583 665 3672 scripsit,
698 3583 851 3674 neglectis
874 3581 1092 3670 Genealogiis,

7 3675 105 3760 luibus
132 3675 243 3750 minus
265 3683 415 3746 *assuctus
443 3681 526 3749 erut3
571 3668 633 3734 hae
655 3669 744 3733 enim
768 3669 942 3733 laudantur
959 3662 1093 3731 lentum
1240 3661 1241 3726 ἶ

7 3760 90 3823 nodo
113 3781 139 3822 s.
161 3781 194 3822 v.
214 3753 390 3838 Ἀμφαναί,
412 3759 531 3834 Melta,
554 3752 696 3838 Milyccer
717 3757 749 3816 et
776 3755 913 3836 Τρεμίλη.
963 3748 1095 3816 Deinde

7 3839 207 3928 lagmentum
228 3852 383 3906 nostrum
403 3837 501 3904 habet
522 3841 650 3924 Xuldla.
671 3831 755 3920 χώρα
770 3837 825 3913 τῆς
848 3835 1011 3913 nonanis,
1033 3827 1093 3899 ubi

7 3929 86 4013 rulgo
111 3927 166 4004 τῆς
193 3921 356 4008 Ἀρμενίας
383 3923 516 4012 legitur,
559 3921 618 3986 sed
646 3919 712 3988 hoc
734 3921 946 4010 epitomatori
967 3917 1092 3996 tribuo,

7 4013 63 4098 lui,
89 4031 193 4100 quum
213 4008 328 4098 paullo
353 4021 432 4098 post
457 4007 602 4083 ποντικῆς
624 4005 829 4071 mentionem
852 4003 923 4071 fieri
953 4001 1092 4080 videret,

7 4115 72 4159 sanc
93 4095 241 4160 sibinen
266 4093 485 4190 omittendam¹
500 4091 644 4182 putavit,
679 4101 710 4154 et
730 4090 903 4154 Armeniae
923 4087 998 4153 loco
1019 4107 1089 4182 po-

7 4179 65 4250 suit
111 4179 198 4246 Nam
218 4179 392 4262 Armeniae
419 4197 591 4278 regionem
615 4173 700 4240 hanc
727 4195 797 4240 esse
818 4171 951 4240 affinem
969 4171 1089 4237 Pone·
1155 4223 1158 4231 .
1239 4225 1240 4234 ,
