2488 4640
1022 239 1084 308 639
1102 245 1107 256 ’

6 419 115 490 Μὰ]
164 421 212 488 Sis
229 423 286 481 dub
302 424 375 480 mihi
392 439 498 496 gessem
521 423 716 482 recentiorum
739 441 875 480 seruum
892 423 1085 485 ismhieoru'ru

6 489 115 560 eperisse
122 488 248 560 videbar,
262 493 385 548 alterum
399 494 465 548 setis
481 511 578 560 severa
590 494 653 564 lege
667 487 1085 558 adstrictum,'alterum⁰1ibere

6 559 26 612 nl
37 557 150 610 lubitum
165 577 294 632 evagans.
331 561 557 630 circumspicere
571 572 633 614 tum
652 562 734 632 coepi
749 563 819 614 alios
844 562 1085 628 ejusdem'detstis

6 627 206 696 smbogrsphos,
225 639 274 682 sut
287 647 393 682 novum
408 631 582 700 praesidium
596 631 665 682 hinc
686 629 814 710 opinioni
831 649 912 684 meas
926 632 1085 685 advocatu·-

6 713 33 748 us
46 704 89 746 sut
100 711 162 748 sem
176 707 208 748 ut
222 699 337 758 insnum
352 697 546 754 derelicturus.
564 697 711 751 Theodori
725 699 861 752 Prodomi
875 715 990 752 esrmsn
1005 717 1084 754 ama·
1123 733 1126 746 ·

7 765 85 816 orium
98 763 129 819 iu
142 766 198 818 hac
210 776 309 819 nestra
321 767 402 834 urbe,
420 777 560 836 quantum
578 767 647 832 scio,
664 784 722 820 non
741 775 846 833 emet,
866 767 974 822 lectum
991 785 1085 838 quou-

6 835 48 884 lsm
62 831 131 884 mihi
150 843 216 886 ants
229 835 280 888 hos
293 835 367 903 ipsos
388 837 487 888 decem
500 853 588 888 annos
606 833 751 914 Petropoli
761 874 770 901 ,
795 853 884 904 quum
900 835 941 890 ibi
958 836 1083 908 hospitio

6 900 97 966 l'dtleri,
106 897 160 952 viri
173 901 284 955 doctiss.
300 913 329 956 et
343 903 445 956 illustr.
461 911 546 974 atque
558 903 587 956 in
600 903 718 956 scientia
732 903 907 984 antiquitatis
919 905 979 956 sere
992 897 1082 970 unici,

6 979 88 1034 iteret,
111 969 159 1038 qui
175 987 207 1023 ex
219 985 270 1022 sua
289 971 456 1026 collectione
477 971 651 1034 optimorum
669 980 697 1022 et
713 970 924 1024 rarissimorum
941 972 1084 1026 librorum

6 1037 168 1090 lludmecum
184 1040 413 1092 corumunicusit
449 1039 512 1106 Sed,
532 1048 563 1090 ut
580 1040 622 1104 fit,
641 1054 707 1091 eum
720 1038 901 1110 meus-longe
919 1041 980 1093 aliis
997 1041 1086 1094 rebus
1138 1037 1143 1058 '

6 1115 84 1158 strata
108 1115 170 1172 est,
186 1131 218 1144 -
250 1107 378 1160 animum
406 1109 482 1162 enim
500 1107 695 1177 percellebaut
717 1115 746 1160 et
772 1107 850 1160 urbis
875 1107 978 1178 ipsius,
1015 1127 1085 1164 sero

6 1176 175 1241 speratoriae
192 1175 281 1242 sedis,
306 1193 352 1228 ma
373 1177 475 1230 nitudo
491 1193 525 1227 sc
542 1175 734 1245 pulcritudo,¹
750 1184 778 1236 et
794 1186 979 1230 monumenta
998 1194 1083 1246 prue-

6 1243 209 1296 autissimarum
227 1243 332 1296 artium
355 1263 363 1294 i
386 1245 395 1295 i
415 1245 548 1310 collecta,
587 1260 708 1322 quorum
733 1262 885 1296 numerum
904 1253 932 1298 et
949 1243 1082 1314 splendo-

6 1327 39 1360 nn
56 1311 106 1362 nisi
129 1313 218 1364 oculis
236 1313 295 1382 ipse
313 1303 543 1382 perlustraverii,
580 1330 626 1364 vix
643 1314 772 1364 narranti
791 1303 880 1364 tidem
896 1311 1016 1382 habeus„
1053 1321 1103 1386 et·

6 1379 41 1444 agi
64 1378 106 1430 illi
137 1377 276 1432 discursus
300 1380 450 1432 hominum
475 1396 508 1432 ex
532 1379 727 1432 diversissimis
752 1381 882 1450 gentibus
907 1381 993 1434 totius
1018 1381 1082 1434 fere

6 1449 49 1498 ibis
72 1457 216 1500 terrarum
239 1449 280 1500 ibi
314 1449 559 1510 convenientium
598 1447 756 1502 avocabant
784 1450 912 1501 animum
933 1454 1083 1518 prseteres

6 1517 32 1566 iri
47 1516 229 1576 celeberrimi
249 1526 277 1568 et
295 1515 467 1582 doctissimi,
493 1517 593 1584 quibus
611 1517 769 1586 Petropolis
789 1515 929 1584 abundas,
955 1533 1086 1588 uirosque

6 1593 56 1634 itea
74 1585 153 1638 lama
169 1594 251 1636 notos
270 1594 331 1636 tum
350 1602 448 1636 coram
461 1602 574 1654 quoque
591 1585 714 1638 salutare
731 1601 817 1638 suave
831 1585 961 1638 osticium
978 1596 1083 1640 eret—v
1148 1609 1162 1632 .-

6 1670 66 1720 sque
84 1661 200 1722 praeter
219 1669 361 1713 sermones
387 1652 422 1704 de
450 1653 552 1704 nostris
573 1653 669 1706 studiis
688 1671 754 1705 cum
777 1653 908 1704 Koelrlero
927 1663 955 1706 et
973 1652 1082 1720 Graefio
1132 1703 1140 1712 ,

6 1721 198 1772 ommunicatus
221 1721 374 1790 perexigua
398 1729 509 1773 tantum
532 1721 669 1790 temporis
694 1739 759 1790 pars
779 1719 859 1775 libris
881 1720 1008 1792 legendis
1026 1723 1081 1775 im·
1129 1749 1136 1756 ·

6 1787 56 1838 sudi
82 1789 192 1856 potuit,
208 1797 313 1858 'stqrie
337 1789 383 1840 vel
408 1797 471 1840 trun
497 1789 606 1841 enimus
633 1799 856 1858 praeoccupatus
882 1807 994 1860 semper
1023 1791 1080 1845 elio

6 1856 199 1920 utrshebatur,
235 1856 276 1910 its
295 1864 328 1908 ut
346 1858 380 1909 ds
399 1857 547 1910 Theodori
564 1865 655 1910 nistre
672 1875 731 1910 non
749 1857 886 1912 sollicitus
906 1869 1082 1927 pausatae-

6 1941 35 1974 un
58 1924 126 1976 iude
152 1925 183 1978 in
200 1923 318 1978 schedas
344 1923 494 1978 subitarias
518 1926 673 1986 referrem,
710 1927 834 1980 maxims
858 1927 896 1982 ad
912 1928 1081 1996 grammati-

6 2009 37 2042 un
53 1991 169 2060 linguae
186 1993 349 2062 spectantis·
385 1991 441 2044 Sed
461 2002 535 2044 extet
553 1989 630 2046 aliud
649 1991 796 2046 Theodori
814 2012 944 2061 carmen,
980 1996 1080 2050 infice-

6 2077 34 2108 m
55 2077 140 2127 sane,
177 2063 303 2110 auriciria
327 2063 455 2127 exulans,
492 2061 641 2114 editumu
670 2061 755 2113 Conr.
776 2063 903 2115 Gesnero
931 2079 1093 2126 unacum.
1169 2071 1172 2080 ’

6 2127 85 2180 :obsei
106 2129 271 2193 sententiis,
307 2147 370 2182 ueris
390 2145 453 2182 sum
478 2129 520 2182 ed.
540 2130 639 2187 tertia,
677 2129 880 2198 Tigrin-1559.
902 2129 952 2182 ubi
973 2131 1082 2201 legitur

21 2201 121 2254 622-
139 2203 202 2256 628.
238 2198 308 2250 Inde
326 2198 433 2262 conjici
451 2198 561 2266 potuit,
586 2199 616 2250 in
634 2199 737 2263 majori
754 2199 935 2268 quoqueitlo
955 2200 1084 2254 carmine
1141 2233 1151 2254 t

6 2265 31 2314 ir
46 2259 127 2318 nard
148 2259 316 2334 Ῥοδάνθην
333 2263 386 2320 καὶ
410 2260 558 2326 Aoorals'a
575 2266 930 2336 poetastrumseveriorss
954 2267 1020 2322 istas
1037 2269 1084 2321 le-

6 2347 22 2382 s
46 2343 178 2388 secutum
204 2335 304 2402 fuisse,
341 2351 433 2404 neque
460 2337 658 2404 repugnabant
681 2334 749 2386 huic
778 2337 957 2402 conjecturae
987 2353 1081 2456 plenos

6 2418 22 2450 s
49 2403 228 2471 fragments.
261 2421 333 2473 quse
364 2403 481 2456 Coraius
510 2401 577 2454 inde
616 2402 652 2456 sd
685 2401 797 2454 Heliod.
835 2404 940 2463 attulit.
975 2405 987 2470 (
1021 2413 1079 2466 .1.

6 2471 57 2521 ael.
76 2487 105 2540 p.
127 2478 171 2530 19.
189 2473 223 2529 Τ,
243 2481 269 2530 2.
285 2487 312 2540 p.
332 2477 376 2530 10.
395 2471 460 2529 16).
495 2471 572 2522 Tum
591 2471 710 2524 lustrari
728 2471 857 2523 carmina
875 2481 902 2524 et
919 2472 1081 2528 carminum
1109 2523 1112 2532 ,
1133 2485 1138 2508 ·

6 2547 134 2604 sementa
156 2538 223 2605 illa,
260 2555 332 2608 quae
356 2537 502 2590 Fabricius
522 2537 570 2590 hir.
595 2539 656 2592 illic
683 2538 750 2593 roll.
771 2539 885 2608 quinto,
920 2551 1014 2601 sexto,
1050 2549 1080 2594 et
1128 2548 1133 2554 '

6 2607 88 2672 ptimo
111 2607 180 2660 bibl.
205 2609 255 2660 Gr.
273 2605 401 2660 inseruit.
447 2607 510 2659 Nec
534 2607 627 2660 minus
648 2607 678 2660 in
698 2605 742 2658 his
767 2605 865 2660 statim
885 2607 922 2660 du
944 2610 988 2661 lex
1005 2607 1080 2664 illud

6 2677 164 2727 centiorum
181 2671 343 2728 iamborum
385 2693 452 2728 enus
472 2691 501 2728 se
522 2673 641 2741 obtulit,
679 2675 714 2726 de
755 2692 792 2728 uo
812 2685 895 2728 entes
918 2627 1008 2729 lbcuti
1030 2694 1080 2730 su-

6 2757 40 2812 tis.
81 2747 177 2813 Atque
194 2741 243 2795 hic
265 2691 489 2808 iam'subsistere
506 2751 684 2812 poteramus,
708 2761 726 2793 n
760 2741 787 2796 la
806 2743 882 2796 enim
901 2760 986 2796 causa
1006 2753 1078 2812 eret,

6 2825 22 2858 r
39 2811 166 2879 reliquos
192 2812 275 2880 hujus
302 2811 401 2862 aetatis
420 2809 654 2888 iambographos,
691 2827 813 2878 quorum
830 2811 981 2864 nonnullos
1001 2821 1079 2864 certe

6 2875 39 2928 ihi
62 2878 134 2932 bibl.
160 2881 407 2952 Regiomontsnae
429 2877 642 2932 subministrare
659 2878 829 2948 potuissent,
865 2878 1078 2949 perlustrarem.

6 2945 39 2996 tis
57 2947 138 3000 enim
155 2957 231 3010 erat,
249 2946 385 3016 reperisse
402 2947 453 2999 has
472 2945 565 3015 leges,
593 2963 661 3016 ques
679 2945 811 2998 meliores
831 2945 905 3000 inter
923 2947 1013 3001 melos
1030 2965 1077 3015 re-

6 3013 108 3067 ntiores
126 3016 218 3069 secuti
235 3017 305 3078 sint3
331 3031 428 3068 omnes
445 3029 514 3068 vero
532 3024 686 3084 propterea
704 3013 849 3080 evolvere,
873 3024 906 3066 ut
924 3026 1090 3084 constaret,-

6 3081 86 3134 iinsm
106 3083 141 3136 iis
160 3101 190 3136 se
210 3082 272 3154 regi
290 3082 364 3152 psssi
381 3091 489 3147 esseut,
522 3091 550 3134 et
569 3083 615 3152 qui
633 3083 667 3134 iis
685 3099 715 3134 se
731 3081 824 3134 teneri
832 3094 1004 3152 megassent,
1023 3101 1077 3137 nee

6 3163 77 3217 npus
105 3152 217 3204 serebat
235 3161 264 3206 et
290 3167 357 3202 vero
376 3152 487 3204 animus
506 3152 682 3220 refugiebat,
717 3149 747 3202 in
771 3160 896 3204 veterem
923 3152 1078 3204 Graeciam

6 3216 60 3268 dire
86 3217 213 3288 cupiens.
254 3221 361 3271 Verum
385 3217 502 3290 propter
526 3218 633 3270 Psuwii
659 3227 687 3271 et
710 3217 845 3272 Dorvillii
867 3227 1017 3274 cruentam
1041 3219 1077 3272 de

6 3285 96 3354 sergio
114 3286 211 3339 Pisida
235 3287 317 3339 litem
340 3287 424 3351 liujus
442 3303 554 3356 quoque
571 3287 762 3340 hexadmeron
788 3295 822 3342 ct,
838 3303 955 3340 cumen
973 3285 1008 3340 de
1026 3305 1077 3342 re-

6 3361 55 3404 ato
78 3355 158 3476 vitup
180 3372 238 3411 uns
262 3364 328 3408 etim
352 3357 519 3426 fragmentis
546 3355 589 3408 ed·
614 3355 787 3410 commelini
812 3371 838 3408 a.
863 3361 935 3418 1596
960 3353 1076 3424 adjectis

6 3435 87 3475 emen
106 3441 140 3476 su
160 3424 261 3478 ierunt.
451 3453 454 3460 .

46 3508 158 3597 igitur
186 3511 227 3578 ad
256 3510 453 3599 prosodiam
481 3511 704 3581 recentiorum
734 3510 865 3577 borum
899 3516 1078 3599 poetarum
1152 3565 1157 3572 .

6 3591 59 3656 rod
89 3597 220 3674 attinet,
262 3597 409 3683 sequitur
441 3593 520 3662 haee
554 3599 588 3658 in
614 3595 728 3660 multis
766 3615 981 3664 communem
1010 3617 1074 3660 rs-

6 3677 170 3767 ptum'que
192 3691 342 3745 veterum
367 3701 515 3758 morem,
545 3679 660 3768 longas
687 3701 756 3744 esse
776 3673 916 3767 syllabis
936 3690 992 3744 sut
1011 3700 1074 3750 nu·

6 3783 55 3838 rs,
97 3774 155 3828 sut
183 3764 366 3850 positione,
397 3784 479 3850 quae
499 3774 642 3829 vocatur.
696 3763 819 3828 Natura
841 3783 919 3828 roro
942 3762 1073 3852 produ-

6 3855 88 3908 ntur
120 3845 280 3934 syllabae,
326 3847 360 3911 in
402 3847 520 3934 quibus
557 3857 612 3924 aut
645 3847 744 3934 louge
779 3847 900 3914 vocalis
929 3858 986 3912 aut
1018 3847 1073 3910 di·
1099 3847 1103 3859 '

6 3926 164 4016 rthongus
182 3930 281 4010 inests
300 3930 467 4018 positione
487 3951 577 4008 vero,
597 3929 655 3994 ubi
671 3931 808 3996 brevem
822 3931 972 3996 vocalem
991 3929 1074 3996 duae

7 4026 188 4077 usonantes
221 4017 404 4101 excipiunt,
446 4027 527 4102 quae
555 4015 584 4081 si
612 4025 704 4078 muta
726 4037 804 4078 cum
836 4013 959 4102 liquida
985 4025 1072 4094 suut,

20 4093 131 4160 labam
154 4097 286 4164 brevem
308 4119 443 4164 manere
461 4097 646 4184 potiuntur,·
690 4122 744 4164 see
770 4111 921 4164 stamen
940 4097 1071 4186 produ·
1134 4099 1164 4162 .'

6 4193 43 4241 ut
66 4201 215 4269 quoque.
267 4183 392 4250 Natura
413 4203 493 4248 vero
519 4180 638 4270 longae
669 4122 797 4252 tonsiles
826 4195 904 4248 suut
934 4193 1008 4260 not
1029 4209 1072 4260 w,-
