2488 4640
958 297 962 302 ·
1044 266 1107 336 678

15 461 95 523 eoin,
119 441 175 531 qui
195 461 260 524 see
284 439 445 540 Qvidium
466 442 610 515 Athenis
633 439 777 515 camme
797 444 946 514 lacerarit
964 447 1107 540 ideoque
1164 533 1166 538 Ι

14 531 216 596 incarccrtim
238 539 406 615 conjectus
429 529 550 596 obierit
571 529 690 596 inedia

81 613 165 677 llaec
190 609 310 690 habui,
351 631 435 701 quae
463 614 505 679 de
532 615 641 702 poetis
669 609 798 680 Horatii
819 613 1105 704 obtrectatoribus,

10 703 72 762 tuni
90 696 191 782 ipsius
238 697 348 775 oetas,
369 707 444 762 tum
470 689 729 766 Scholiastarum
750 689 880 768 sectatus
900 702 1103 790 testimonia,

11 781 148 845 diceremi
174 851 180 876 Ι
230 779 402 846 irabuntur
421 791 533 846 autem
552 781 693 848 semesae
711 783 884 863 nonnulli,
923 799 1006 872 quae
1025 797 1103 852 tan·

9 865 74 928 dein
97 887 151 928 me
170 864 362 930 induxerint
384 885 498 932 causae
505 909 515 945 ‚
537 871 577 936 ut
596 868 636 932 de
657 865 851 932 hominibus
873 888 891 933 e
911 867 999 935 faece
1008 865 1103 936 Mer·-
1152 900 1160 913 ¹

8 947 163 1012 curialium
192 949 344 1014 virorum
363 953 432 1016 tam
461 949 596 1038 prolixe
621 949 816 1017 dissererem
834 967 1018 1042 eorumque
1042 957 1100 1020 in*
1192 959 1194 967 “

6 1041 210 1098 tarmortuam
230 1033 432 1101 memoriam
453 1051 532 1100 cum
552 1035 661 1123 aliqua
681 1055 758 1100 cura
777 1037 1002 1103 instituerem.
1043 1038 1104 1106 Est

5 1135 90 1196 iero,
132 1133 175 1182 ne
203 1111 284 1204 quid
309 1117 535 1198 dissimulem,
578 1115 679 1206 hujus
706 1119 895 1206 scriptionis
924 1115 1102 1190 eonsilium

5 1200 100 1265 subito
122 1206 256 1276 natum,
280 1200 392 1287 'quum
410 1221 520 1298 nuper
538 1193 709 1270 Mansonis
732 1203 864 1268 comm.
880 1197 927 1271 ,de
949 1205 1101 1287 Horatio,

5 1295 138 1348 ceterum
160 1281 243 1350 Latii
289 1290 441 1352 oetar'uin
465 1285 593 1376 judice,
615 1287 650 1351 in
672 1285 713 1385 ej.
735 1281 879 1352 Miscelb
895 1289 1102 1359 Commentt.

5 1365 46 1438 lli,
66 1389 99 1456 p.
122 1374 165 1438 89
187 1389 238 1518 apl.
260 1301 424 1456 litgissein.
472 1371 535 1436 Hie
557 1365 789 1459 elegantissimi
814 1371 866 1437 vir
887 1367 1011 1460 ingenii
1031 1390 1100 1440 no·

5 1469 64 1516 sam
83 1451 119 1516 in
141 1470 210 1538 exp
226 1449 346 1518 'condis
369 1446 494 1528 camb.
535 1473 619 1542 quae
639 1453 816 1520 Horatium
843 1448 884 1518 ad
911 1461 981 1542 tam
1002 1479 1122 1522 seve«.

5 1555 65 1598 auin
92 1535 134 1602 de
163 1537 305 1624 antiquis
328 1536 561 1603 Romanorum
593 1539 722 1606 sanlius
743 1537 917 1604 terendum
938 1537 1099 1626 judiciam
1165 1591 1175 1606 ,

5 1619 251 1698 removissent,
294 1620 461 1708 ingressus
491 1622 580 1687 vum
598 1621 790 1710 'suspicatus
826 1627 891 1702 est,
935 1623 1100 1689 exstitisse

5 1701 44 1768 llo
63 1714 222 1792 tempore
241 1703 369 1769 Romae
389 1702 425 1770 in
444 1705 615 1772 literatum
644 1701 760 1772 studiis
782 1723 967 1794 eorumque
988 1703 1098 1773 culto-
1204 1707 1211 1736 '

5 1786 73 1852 ibus
96 1787 268 1876 duplicem
288 1797 412 1862 sectam
434 1797 466 1856 et
487 1789 580 1876 qimai
602 1789 771 1868 scholam,
800 1807 942 1878 quarum
963 1785 1099 1858 itieram
1201 1845 1205 1860 .

5 1867 219 1937 :omtituerint
247 1890 356 1936 caecae
382 1875 582 1960 antiquitatis
610 1887 775 1940 amatores
809 1877 854 1938 et‘
869 1871 1098 1952 admiratores,

5 1955 41 2040 pii
65 1956 163 2022 Livio
191 1954 396 2038 Andronico,
412 1957 448 2022 in
478 1957 690 2032 Dramatico,
731 1945 840 2022 Ennio
869 1957 905 2020 in
935 1958 1099 2056 Epieoet
1138 2010 1143 2019 .

5 2037 106 2104 ‚acilio
138 2041 177 2106 in
208 2037 346 2106 Satiriao
376 2061 518 2127 poeseos
540 2059 657 2129 genere
677 2041 894 2142 praestantius
916 2042 1098 2138 quidquam

5 2145 52 2188 sse
72 2132 253 2211 negarent3
295 2124 430 2190 alteram
450 2127 596 2204 dero-ii,
636 2146 693 2214 qui
721 2145 828 2190 novae
858 2135 977 2212 gratiae
1000 2135 1098 2214 atque
1150 2168 1154 2178 ·

5 2207 179 2294 leguntius,
223 2223 267 2274 ex
297 2209 423 2274 Graeco
452 2203 585 2274 haustae
610 2207 721 2287 fonte,
764 2205 905 2272 studiosi
936 2219 1044 2290 essent
1065 2216 1098 2276 et

5 2301 60 2356 itos
88 2292 219 2379 rigidae
245 2301 278 2356 et
304 2291 396 2356 rudis
417 2291 586 2358 vetustatis
610 2301 786 2358 sectatores
807 2291 948 2358 meliora
978 2294 1096 2360 docere

6 2395 143 2465 iamque
175 2381 304 2442 causam
332 2381 447 2442 contra
474 2399 531 2442 cos
558 2376 644 2448 tueri
675 2371 879 2444 laborarenti
921 2382 1097 2464 utramque

6 2461 78 2544 gitur
106 2469 243 2548 partem
268 2459 355 2526 inter
383 2477 418 2524 sc
442 2479 506 2548 pro
533 2481 592 2525 saa
621 2457 800 2547 opinione,
842 2468 1000 2608 tanpuam
1030 2479 1096 2550 pro

6 2543 39 2607 ris
58 2541 237 2632 locisque,
281 2565 352 2608 esse
371 2539 600 2630 digladiatam,
641 2554 675 2608 et
693 2555 800 2610 novae
822 2545 903 2609 echo
918 2565 954 2610 ae
974 2553 1096 2632 poeta*

6 2647 49 2692 im
73 2629 332 2726 antesignanum
361 2632 393 2692 et
415 2639 717 2716 propugnatorem,
730 2622 883 2715 inprimis
904 2623 1095 2696 babendum
1130 2653 1134 2658 ’

6 2733 44 2776 ise
67 2711 264 2778 Horatium.
314 2712 401 2776 Haeo
423 2708 583 2776 sententia
603 2722 697 2776 acute
723 2711 908 2798 excogitata
937 2722 981 2786 st,
998 2713 1096 2778 docte

6 2795 213 2886 ibtiliterque
233 2801 388 2874 mactata,
429 2795 541 2882 primo
569 2795 725 2881 adspectu
753 2795 917 2882 insignem
937 2792 1038 2860 liabet
1057 2805 1096 2860 ut

6 2880 138 2946 evitatis
174 2880 312 2968 gratiam
349 2880 394 2944 ita
426 2879 526 2944 etiam
552 2878 791 2965 probabilitatis
825 2879 1094 2946 commendatio·

6 2987 70 3044 ma,
95 2973 133 3030 et
155 2987 229 3042 me,
252 2963 377 3041 fateor,
406 2963 505 3028 etiam
529 2961 568 3028 ab
588 2963 684 3026 initio
707 2961 809 3050 aepit‚·
830 2963 1009 3028 accuratius
1031 2983 1094 3028 au-

6 3071 38 3112 m
70 3067 154 3114 eam
181 3069 254 3114 rein
282 3043 501 3112 consideranti
536 3045 622 3112 milii
653 3044 788 3134 ejusque
818 3043 889 3143 [16]
921 3053 1094 3113 momenta
1149 3111 1153 3127 ,

6 3155 39 3198 ie
61 3139 317 3221 praeconcepta
335 3131 496 3220 opinions
525 3131 726 3208 examinanti
747 3124 966 3196 dubitationes
988 3150 1092 3217 quae·
1156 3201 1160 3208 ,

6 3239 47 3282 im
60 3217 244 3366 Ilsubortae
270 3224 363 3296 sunt,
408 3235 492 3306 quae
519 3237 574 3280 nie
602 3214 644 3281 ad
671 3211 896 3296 cohibendum
923 3235 1094 3280 assensum

6 3323 12 3366 i
41 3325 60 3367 e
88 3307 202 3367 erens
1120 3367 1126 3380 ‚

13 3323 139 3452 pilos
171 3381 284 3474 utique
312 3401 430 3452 ramni
459 3393 508 3450 cst
529 3391 561 3450 et
589 3389 705 3450 notatu
727 3375 883 3470 dignum,
927 3378 1020 3470 quod
1040 3379 1093 3450 vel

37 3479 226 3557 tempore,
268 3485 335 3556 qno
360 3487 476 3536 omnes
497 3470 748 3560 propemodum
770 3465 853 3531 artes
874 3467 1001 3534 Romae
1020 3468 1092 3533 lae-

7 3555 100 3620 sime
124 3553 311 3632 florebant,
349 3553 495 3618 studium
523 3554 689 3642 antiquata
709 3561 741 3618 ct
764 3547 944 3616 Catonibus
968 3550 1093 3618 Cethe-

7 3661 86 3726 ique
120 3647 283 3726 usurpata
313 3635 417 3704 verba
439 3637 670 3724 obsoletasquc
698 3636 857 3702 orationis
886 3631 1012 3702 forman
1034 3643 1092 3701 sot-

7 3723 76 3788 .ndi
102 3722 361 3810 aucupandiqus
381 3721 417 3810 iii
440 3721 554 3808 quavis
577 3721 748 3787 litmamm
775 3723 868 3808 parte
888 3719 1014 3786 multos
1035 3721 1090 3786 id·
1156 3749 1163 3763 ·

7 3831 27 3872 e
58 3807 286 3872 clarissimos*
301 3806 390 3871 viros
411 3807 564 3882 ,tenueii't
593 3813 784 3893 occupatos.
830 3803 1091 3892 Appellabantur

9 3891 185 3980 aquarii,
214 3887 255 3956 de
277 3890 396 3976 quibus
418 3890 448 3955 1.
467 3889 508 3956 Gi
529 3889 708 3963 -Walaliias
729 3885 764 3953 iii
785 3883 870 3953 llist.
894 3890 975 3956 Crit.
997 3891 1032 3954 L.
1053 3891 1088 3958 la

25 3985 111 4044 187.
149 3973 231 4063 egit,
276 3986 311 4038 et
332 3975 629 4060 componebantur
663 3990 739 4039 eum
775 3971 961 4038 Caeoneliai
1003 3993 1089 4062 quos
1151 3988 1157 4000 ·

7 4083 161 4150 osque,
184 4069 318 4124 auctore
340 4059 477 4125 Sueton.
498 4083 526 4124 o.
548 4067 611 4137 86.,
633 4059 683 4122 Aa
747 4067 819 4135 tiis,
851 4058 924 4144 qui,
951 4057 1089 4122 mundi-
1208 4092 1216 4110 s

7 4169 89 4212 riam
111 4141 311 4234 patrissui,
333 4151 371 4207 ut
393 4141 516 4208 Gellius
538 4141 580 4210 N.
601 4141 639 4212 A.
660 4142 695 4208 X
729 4189 740 4224 ,
762 4149 793 4208 7.
816 4136 879 4220 ait,
901 4141 935 4205 in
956 4163 1091 4206 sermo-

7 4253 58 4306 ins
86 4237 258 4300 sectator.
286 4221 454 4314 ejusmodi
473 4228 722 4296 reconditorum
745 4226 925 4312 verborum
941 4222 1089 4294 sociares

7 4347 334 4405 ianssnvsine.
354 4348 419 4416 iv.)
786 4319 836 4394 is
