2492 4636
188 285 249 347 sna
331 353 333 358 ,

640 409 829 524 xxxi.
904 481 907 495 ·
957 441 963 451 ·

98 582 132 620 ·“
187 587 292 656 Dan.
324 573 600 677 Wyctenbaehii
626 577 758 649 Oratio
782 577 831 648 ‹le
846 566 1121 648 coniunctione
1138 575 1229 648 Philo·

309 671 463 780 sophiae
491 703 576 752 cum
602 679 908 779 Elegantiotibns
929 661 1095 750 [itteris.
1116 679 1145 772 *)

181 823 184 834 ·
220 800 321 855 Habita
335 797 547 856 Amsteleedemi
564 801 594 850 in
609 795 678 850 aede
692 814 769 852 sucre
786 799 1046 864 &monstrantium
1061 813 1122 850 eum
1132 799 1158 848 iu
1168 809 1233 848 eumn

251 864 566 998 pppolpl‘fflppopldae
579 863 785 952 Proleenlouem
800 871 994 936 suspiceretur,
1010 885 1034 920 a.
1049 863 1075 918 el.
1096 872 1134 927 19
1149 865 1233 919 Noniu-

89 1029 103 1112 j
183 1003 284 1094 Cum
306 1045 350 1086 ex
370 1044 410 1086 eo
432 1029 592 1110 tempore,
615 993 679 1108 qino
695 1005 744 1084 'id
758 1010 975 1084 humanitatis
998 1011 1105 1084 eludia
1124 1017 1232 1083 animun

183 1108 311 1206 appuli,
330 1109 396 1178 hoc
413 1131 547 1196 semper
564 1131 583 1174 a
598 1107 674 1176 Deo
696 1107 739 1174 Ο.
755 1109 804 1176 Μ.
822 1119 975 1198 precatus
994 1131 1108 1190 essem,
1124 1106 1232 1196 primum

184 1211 224 1271 ,nt
243 1193 369 1282 aliquid
391 1185 609 1280 proficerem,
652 1191 772 1257 deinde
791 1192 819 1256 si
845 1191 925 1278 quid
952 1191 1167 1281 profecissem,
1192 1189 1233 1254 hnc

184 1297 254 1350 non
275 1275 365 1342 solus
385 1289 519 1340 mecum
538 1273 719 1362 tacitusque
738 1269 940 1361 perimeres,
965 1275 1023 1341 sed
1046 1297 1140 1362 quam
1157 1273 1233 1334 suasi-

133 1387 136 1396 ’
182 1373 286 1442 tatem
304 1359 375 1446 ipse
394 1355 629 1505 perserpissem,
652 1357 792 1422 eandem
818 1345 918 1422 etiam
947 1381 1024 1424 cum
1051 1355 1121 1425 aliis
1138 1374 1233 1442 possen

185 1441 442 1520 communicare,
491 1437 555 1502 acit
583 1461 638 1504 me
664 1450 853 1526 compotem
880 1439 979 1505 huius
1007 1440 1078 1506 voti
1096 1439 1232 1505 hodiernus

184 1525 266 1600 [dies.
293 1525 395 1592 ,Cum
410 1519 499 1588 enim
520 1526 539 1585 'a
558 1516 678 1600 Vobis,
695 1515 775 1593 W,
793 1524 826 1589 S.
846 1521 923 1592 VV.
944 1543 1099 1608 ‘quorum
1116 1519 1232 1586 iudicium

183 1603 295 1706 magni
317 1601 423 1670 facere
444 1603 560 1698 debeo²
581 1609 614 1668 et
634 1601 748 1670 lubens
769 1627 903 1694 semper
922 1572 1058 1670 daciam:
1081 1627 1147 1670 cum
1163 1605 1168 1617 '
1185 1603 1232 1665 itur

146 1767 148 1774 Ι
185 1715 206 1758 e
230 1686 335 1754 Vobis
356 1697 390 1750 et
411 1685 533 1773 dignus¹
546 1685 711 1762 ludicatus
733 1709 848 1767 essem,
883 1687 995 1775 quiin
1017 1687 1133 1754 Vestra
1153 1708 1177 1749 ec
1194 1685 1234 1748 cla

185 1769 326 1839 docendi
353 1791 491 1834 munere
512 1765 691 1870 fungererp
710 1779 744 1832 et
763 1769 805 1834 ad
827 1769 919 1836 idem
948 1767 1172 1836 humanissime
1190 1789 1233 1830 nc·

122 1907 126 1914 .
184 1877 289 1944 pan-en,
311 1850 431 1938 agnovi
450 1849 587 1916 tandem
606 1849 751 1918 Divinae
770 1848 1005 1918 Providentiae
1027 1852 1161 1942 vestigia,
1177 1865 1233 1934 quat

183 1933 268 2006 mihi
288 1951 410 2000 munus
427 1931 573 2016 offerret,
593 1931 681 2018 quod
699 1956 776 1998 cum
793 1933 835 2000 ad
851 1926 1046 2000 suavitatem
1060 1934 1233 2004 fluctuosum,

183 2031 256 2084 tum
283 2017 326 2082 ad
351 2015 469 2084 laudes
497 2008 731 2100 honorificum,
763 2026 834 2082 tum
862 2039 942 2082 vero
970 2017 1036 2084 tale
1055 2028 1144 2096 esset,
1172 2009 1231 2100 quod

179 2099 268 2170 meis
289 2095 375 2164 votis
397 2094 438 2164 ab
456 2096 553 2164 'omni
574 2107 668 2186 parte
687 2099 914 2186 responderet.
961 2099 1027 2165 Sed
1047 2100 1083 2165 in
1104 2099 1157 2164 hae
1173 2105 1231 2184 muta

78 2187 83 2198 ’
182 2179 329 2254 laetandi
357 2182 453 2269 copia
479 2180 603 2270 duplex
628 2197 684 2244 me
706 2181 795 2268 angit
821 2179 1021 2276 pollicitudo,
1053 2179 1186 2248 instantis
1198 2199 1230 2269 nn

144 2304 146 2315 ‹
182 2264 286 2332 timoi·
306 2274 338 2327 et
357 2259 487 2330 suturae
506 2271 625 2328 metus.
666 2261 768 2331 Hune
788 2261 872 2330 mnhi
895 2263 1007 2333 Vestri
1028 2263 1069 2331 de
1089 2287 1140 2330 me
1153 2261 1229 2325 iudnn

95 2391 101 2396 -
181 2339 413 2413 benevolentia
433 2341 547 2418 indicit,
571 2343 664 2410 cuius
684 2365 769 2412 onus
788 2345 962 2424 sustinere,
993 2357 1090 2432 atque
1107 2353 1228 2436 praesint

182 2433 222 2495 'ut
243 2428 272 2492 ei
298 2426 376 2492 eatis
397 2427 600 2518 respondere
621 2425 744 2506 videar,
773 2426 1091 2518 intelligokprolecto
1111 2419 1233 2516 quamsit

182 2507 325 2576 difficile.
366 2509 497 2576 Verum
522 2510 558 2593 iu
588 2509 651 2576 hoc
679 2507 814 2598 quidem
838 2521 872 2576 et
896 2509 969 2600 ipse
995 2521 1122 2579 minum
1141 2507 1230 2574 efficen

182 2589 340 2670 conabor,
361 2603 519 2680 quantum
538 2591 676 2658 consilio
697 2603 795 2682 atquc
816 2593 979 2660 industria
997 2595 1081 2662 effici
1103 2603 1198 2683 potest
1211 2595 1232 2658 d

180 2673 294 2768 Deum
322 2673 551 2768 immortalem
573 2673 660 2740 mihi
677 2698 777 2764 spero
799 2673 950 2744 futurum
970 2676 1157 2754 adiutorem.
1189 2667 1229 2764 Sd

181 2767 339 2822 timorem
372 2767 471 2822 etnam
500 2757 662 2846 concipio,
690 2757 748 2844 qui
791 2781 834 2822 uo
879 2761 1060 2826 raeseutior
1080 2783 1117 2826 eo
1133 2773 1231 2846 gminon

180 2848 241 2912 est
280 2835 370 2904 Nam
388 2847 421 2902 et
434 2839 558 2906 Vestra
572 2781 876 2928 frequentiaqfflli
886 2841 974 2922 An,
988 2841 1158 2930 Vestrique
1171 2829 1231 2907 ocull

180 2941 237 2986 me
254 2931 400 3002 movent,
431 2917 603 2988 hominem
623 2945 693 2986 uon
711 2923 822 2990 solum
844 2923 976 2993 dicendi
994 2925 1122 3006 rudem,
1148 2945 1191 2988 ver

181 3001 282 3068 etiem
312 3025 402 3068 nunc
429 3005 579 3090 primum
603 3001 739 3093 publice
767 3005 950 3074 dicentem:
985 3015 1019 3072 et
1045 3001 1211 3074 hucnceedi

178 3083 272 3170 quod
294 3105 423 3166 vereor,
457 3109 502 3152 ne
521 3089 588 3155 sint
609 3087 730 3176 quibus
751 3089 917 3154 nonsatis
937 3087 1044 3154 fausto
1070 3090 1206 3154 ominem

178 3167 326 3234 muneris
353 3167 498 3258 auspicia
522 3189 641 3258 cepere
671 3167 795 3250 videar,
833 3169 897 3236 nisi
918 3172 1102 3240 orationem
1121 3169 1196 3236 effen
1228 3187 1229 3196 ¹

179 3271 264 3336 quae
293 3260 326 3314 et
354 3247 524 3342 ingeniose
550 3251 735 3342 excogitata
766 3261 800 3316 et
828 3274 948 3342 magno
975 3253 1146 3344 elegantiae
1168 3251 1204 3314 ml

179 3341 340 3426 pomata
359 3331 411 3399 sit.
451 3331 524 3420 Ego
545 3358 626 3402 vero
646 3357 712 3418 me,
731 3336 881 3424 pm'mum
901 3331 1045 3424 quidem,
1074 3337 1159 3402 huius
1174 3355 1200 3397 u·

234 3434 329 3507 apum
352 3411 531 3504 profiteor3
562 3415 682 3506 deinde
702 3439 740 3482 ar
784 3427 945 3502 mentum,
966 3419 1009 3484 de
1026 3443 1090 3506 quo
1109 3419 1197 3486 dicere

177 3515 262 3588 eegn
282 3498 419 3589 yulgare
440 3510 540 3588 atqne
566 3524 586 3565 e
614 3499 724 3583 medic
769 3511 948 3584 esumtum,
967 3501 1077 3569 sed‘et
1097 3501 1143 3586 rel
1159 3521 1199 3588 pa

177 3587 262 3642 eeutn
282 3599 318 3643 111
340 3579 458 3668 peinais
479 3577 774 3656 accomodatum,
808 3591 931 3651 ettam
954 3583 1022 3650 lete
1042 3593 1157 3672 patent,
1183 3589 1200 3640 n

176 3666 235 3727 lua
258 3661 406 3755 ubeptnte
431 3663 639 3752 utilitateque
668 3663 836 3749 diffusum,
868 3665 922 3748 ut'
948 3663 978 3735 si
1003 3664 1095 3732 iustis
1113 3660 1198 3732 laudib

176 3763 335 3808 exornem
353 3741 480 3839 debeat,
515 3745 645 3838 dicendi
669 3770 791 3843 genere
811 3769 894 3834 opus
913 3746 956 3815 sit
976 3749 1171 3834 eximioque

174 3844 214 3888 ac
233 3843 340 3910 paene
358 3825 496 3904 dunno.⁴
521 3827 643 3898 Dicam
662 3853 753 3897 enim
769 3829 820 3897 de
837 3827 1150 3914 Philosophiae
1163 3849 1197 3892 eu

63 3929 67 3938 ’
173 3907 534 4000 elegantioribus
565 3913 733 3978 litteris
761 3911 1090 3998 ceniudceiene.
1147 3911 1198 3996 Qud

174 4009 201 4048 sn
229 4008 340 4053 nunus
373 3989 515 4058 erudite
535 3991 711 4082 minusque
744 3997 912 4081 eleganter
930 3995 1058 4070 ¹dixero
1087 4019 1170 4088 quam
1189 4011 1206 4071 *ζ

208 4137 240 4206 *2
256 4137 329 4196 Dan.
351 4131 574 4215 Wy'mnbechtt
590 4165 698 4220 opium.
711 4154 873 4221 emitum.
889 4151 924 4208 Τ.
941 4153 963 4207 1.
979 4168 1007 4223 p·
1026 4159 1153 4216 91⁰1&
