2568 4632
1077 275 1137 334 335

52 455 111 500 nec
131 431 254 497 Verres
273 431 310 496 in
336 427 547 520 provinciam
566 415 716 508 vendet,
749 427 880 513 Legatis
903 427 1137 496 aetimatio„

51 514 194 580 minibus
212 536 306 578 auum
327 533 399 576 esse
418 533 482 596 pm
498 511 695 594 Quaestore.
735 509 813 591 Sed,
840 509 875 572 'ni
891 507 999 600 fallor,
1022 511 1138 596 Quae-

52 609 150 662 stoirs
180 598 218 660 iii
241 594 415 682 provincia
442 613 580 658 manere
612 590 790 674 debebant,
808 591 919 678 donec·
932 613 1134 660 successores

51 677 265 743 advenissent.
306 677 406 744 Ceita
425 673 543 741 Verris
564 673 768 758 Qiaesiores
785 695 862 738 euin
882 672 1020 738 fascibm
1043 689 1138 741 erant

53 761 86 825 in
102 760 283 848 provincia,
303 781 381 824 eum
400 756 531 826 Metelli
551 755 755 842 Quaestoms
774 755 978 844 aliquamdiu
997 755 1066 822 iam
1084 755 1137 824 ai-

53 841 189 907 fnisaent.
231 841 330 906 Vera.
345 841 393 922 ll,
408 847 441 908 4.
780 858 787 874 ’

58 991 67 1012 ‚
122 933 153 990 t.
195 923 371 988 Praeterea
398 921 565 1006 Quaestor
586 917 810 1010 occupabatur
836 917 872 982 in
894 917 1042 988 decumis
1063 919 1138 988 exi·
1167 959 1173 968 ·

36 1007 155 1092 'gaudis
176 1017 214 1070 et
232 1025 278 1072 ex
297 1013 393 1093 parte
411 989 611 1086 vendendis,
639 1014 671 1067 at
696 1023 739 1068 ue
756 1000 792 1066 in
813 999 888 1066 aliis
908 1001 1007 1068 r'ebua
1027 1003 1139 1092 impe-

50 1089 166 1155 randis.
222 1087 295 1156 cic.
316 1087 415 1152 Verr.
436 1086 495 1168 111,
515 1099 563 1156 7·i
583 1086 647 1168 „L.
702 1081 809 1148 ctavio
827 1093 861 1148 et
877 1084 917 1151 Ο.
939 1087 1142 1154 CuttaCose.
1248 1109 1252 1121 ’

49 1183 172 1234 senonis
189 1169 357 1258 permisit,
383 1179 420 1232 ut
440 1168 511 1234 'viiii
532 1177 565 1230 et
585 1167 652 1232 olei
677 1169 841 1245 decumas,
868 1177 901 1231 et
919 1165 1053 1260 liugom
1070 1167 1141 1232 mi-

47 1263 207 1333 niumm,
227 1273 310 1339 (pias
331 1261 408 1316 ante
426 1261 459 1315 te
478 1249 683 1336 Quaestores
699 1249 734 1314 in
751 1247 865 1316 Sicilia
884 1251 1028 1315 vendere
1056 1269 1139 1314 con-

51 1333 204 1414 suessent,
254 1332 603 1414 Romanensem,
638 1332 746 1420 legem
770 1352 814 1393 ue
832 1327 884 1393 his
909 1331 1009 1396 rebus
1036 1353 1138 1420 qnam

53 1417 122 1484 isis
155 1416 331 1480 videretur
358 1413 527 1479 edicerent
556 1417 638 1479 etc.“
695 1409 739 1482 Et
749 1351 873 1506 qura
892 1413 918 1494 l,
946 1425 1012 1482 aba
1048 1413 1142 1497 „Pia

55 1439 228 1596 (lantone
248 1519 330 1564 vero
351 1496 522 1582 quomodo
540 1498 604 1560 iste
620 1513 802 1564 commune
824 1493 1012 1581 Milyadum
1031 1481 1138 1561 vexa*-
1223 1558 1228 1567 ,

48 1593 95 1662 rit,
112 1579 284 1666 quomodo
305 1577 458 1667 Lyciam,
478 1577 724 1668 Pamphyliam,
747 1573 918 1657 Pisidiam,
936 1575 1138 1666 Phrygiam-

47 1686 105 1752 qee
135 1671 244 1725 totam
269 1657 439 1724 sriiniento
471 1659 686 1748 imperando,
721 1657 945 1740 aestimando,
978 1655 1041 1724 liae
1068 1681 1137 1739 aaa,

48 1765 140 1834 qnam
174 1753 249 1806 tum
272 1742 432 1832 primum
447 1741 676 1830 ·texcogitav,it,
711 1739 878 1820 Siciliensi
909 1741 1138 1806 aestimatione

48 1825 211 1904 afflixerit,
245 1845 314 1888 non
339 1834 386 1888 esi
406 1831 540 1888 necesso
557 1821 789 1888 demonstrare
805 1819 927 1890 verbis:
973 1825 1051 1890 Hoc
1071 1823 1139 1888 aci·

46 1921 123 1973 totae
156 1905 210 1972 liis
229 1905 420 1970 nominibus
450 1921 534 1992 quae
550 1925 605 1970 res
626 1927 687 1991 per
706 1925 784 1970 eam
800 1909 912 1992 gestae
933 1916 1024 1988 siant,
1060 1925 1139 1969 cum
1195 1925 1202 1940 ·

46 1993 103 2057 iate
121 1986 309 2070 civitatibus
329 1985 552 2070 firmanum,
581 1986 681 2068 coria,
701 1985 824 2066 cilicia,
844 2011 859 2051 s
923 1999 944 2051 s·
959 1987 1041 2068 >dita
1058 2007 1138 2052 cum

51 2070 189 2138 Gmerio
228 2067 406 2157 legendum
432 2090 506 2132 esse
536 2067 669 2134 videtur
689 2089 754 2157 pro
783 2087 895 2132 saccos
945 2070 1138 2158 imperaret,

47 2175 146 2242 neque
181 2173 222 2215 ea
259 2160 421 2216 unum:
462 2171 530 2248 pru
559 2148 612 2216 liis
639 2150 738 2224 rebus
764 2151 944 2238 pecuniam
979 2152 1138 2238 exigeret.

46 2271 64 2288 ·
86 2273 105 2284 -
140 2232 242 2318 Quae
255 2233 397 2313 omnia,
434 2231 564 2298 euamai
590 2233 762 2297 voluntate
779 2232 986 2317 ,Dolabellae
1005 2233 1138 2318 fiebant,

44 2317 227 2410 parietum
244 2325 356 2378 tamen
376 2313 488 2378 omnia
507 2313 739 2398 gerebantiir.“
799 2331 801 2341 ’
1250 2348 1253 2357 ·

120 2413 151 2466 ε.
180 2393 437 2480 Quaestor-ibus
466 2395 635 2460 interdum
660 2393 852 2462 mandatam
875 2415 895 2462 a
921 2396 1136 2478 Praetoribus
1212 2432 1214 2443 ·
1266 2431 1271 2438 -

48 2477 418 2566 esse'iuriadictionem,
454 2477 574 2542 docent
604 2478 800 2560 interpretes
828 2480 873 2544 ad
899 2481 971 2547 Cic.
991 2479 1070 2546 Div.
1099 2481 1137 2562 iii

48 2566 139 2631 Caco.
160 2573 211 2630 ¹7.
234 2559 335 2626 Veri.
356 2559 448 2640 11,a.
470 2569 503 2621 et
526 2572 574 2628 18.
616 2559 684 2626 Sed
702 2559 791 2646 quod
810 2560 975 2628 Graeiins
992 2561 1141 2650 affirmat
1176 2623 1184 2648 ,

48 2645 84 2709 ad
104 2645 217 2710 locum
236 2639 334 2707 illam
355 2641 523 2732 priorem,
544 2641 700 2705 nonnisi
721 2643 910 2708 mandatam
932 2643 1135 2728 Quaestorea

45 2725 304 2794 iurisdictionem
332 2722 503 2798 habuisse,
535 2742 605 2788 nou
631 2725 841 2806 consequitur
867 2745 888 2788 e
914 2727 1050 2790 Siieton.
1070 2727 1135 2795 Iiil.

45 2812 133 2876 cies.
154 2821 204 2876 7.=
260 2803 438 2890 Quaestori
457 2804 598 2870 ulterior
615 2805 778 2892 Hispania
798 2805 951 2870 obvenit=
977 2807 1036 2872 ubi
1057 2829 1135 2874 cum

46 2889 198 2956 mandatu
232 2853 399 2966 llraeions
433 2886 508 2952 iure
539 2885 686 2962 dicundo
722 2895 903 2956 conventus
935 2887 1137 2972 cirmmiret,

49 2973 228 3056 Gadesque·
244 2969 402 3052 venisset,
439 2969 522 3033 etc.“
573 2969 695 3056 Neque
727 2968 816 3034 enim
847 2969 975 3037 nullam
1000 2991 1064 3058 per
1097 2993 1135 3036 se
1189 3015 1193 3026 ·

46 3055 264 3140 Qiiaestorem
283 3049 437 3118 habuisse
460 3045 545 3116 iuris
565 3045 698 3115 dicundi
715 3041 930 3146 potestalem,
969 3049 1048 3117 inde
1062 3055 1139 3121 col-1

45 3137 159 3224 ligitur,
172 3153 177 3162 '
190 3129 302 3220 n'eqiie
321 3133 420 3198 etiam
440 3129 553 3197 forum
577 3153 675 3221 agere
695 3145 767 3197 sine
787 3133 946 3198 mandatu
967 3133 1156 3200 Piaetoris'

46 3241 109 3283 non
126 3215 288 3300 potiusne,
313 3235 518 3304 quamquain
537 3213 574 3279 iil
593 3236 715 3302 negare
732 3233 801 3280 non
822 3216 940 3298 audeo,
963 3216 1021 3280 sed
1042 3219 1134 3300 veri·
1226 3256 1228 3264 ν

48 3299 148 3366 siinile
194 3297 283 3361 otius
320 3317 390 3362 esse
428 3297 591 3379 macedo,
628 3319 706 3361 cum
741 3297 943 3363 contrarium
971 3299 1134 3390 exetnplis

46 3401 176 3466 compro
202 3399 262 3443 are
279 3398 347 3442 non
367 3378 505 3465 possim,
522 3379 581 3442 aed
602 3379 698 3461 nihil,
717 3380 780 3444 nisi
799 3380 969 3446 interdum
991 3405 1009 3446 a
1028 3383 1133 3448 Prae·
1188 3447 1193 3457 ,
1276 3445 1279 3453 ,

45 3476 111 3529 iore
139 3463 170 3528 ei
200 3460 426 3526 illud-munus
446 3481 520 3526 esse
538 3460 693 3530 delatum.
734 3461 789 3528 Ex
816 3462 889 3528 aliis
911 3475 1022 3529 autem
1048 3465 1130 3530 locis
1199 3455 1213 3531 .’

45 3541 155 3610 confici
183 3565 293 3638 posse
313 3541 462 3622 videtur,
494 3541 531 3607 iu
551 3561 590 3606 ea
606 3542 757 3625 'civitate,
791 3543 826 3608 in
871 3567 914 3610 ua
930 3546 997 3634 ipsi
1017 3549 1132 3612 sedem

44 3629 233 3692 collocarint
267 3621 347 3688 dum
373 3623 600 3722 magistratum
632 3635 800 3707 tenerent,
836 3568 1037 3716 giiaestorea
1073 3651 1131 3694 aua

43 3719 200 3796 potestate
220 3707 347 3770 iudices
368 3706 497 3772 dedisse
524 3705 567 3771 de
590 3707 703 3772 litibus
731 3709 773 3772 de
793 3711 933 3798 pecunia
953 3713 1024 3776 eiua
1047 3712 1131 3776 civi·

44 3793 112 3855 tatis
139 3787 277 3878 publiea
297 3786 385 3852 actis.
427 3787 482 3854 sic
503 3788 675 3871 Caecilius,
697 3789 863 3937 quaestor
880 3793 1130 3882 Lilybaetanue,
1179 3815 1182 3822 ·

45 3873 202 3937 iudicium
228 3868 321 3946 dedit
354 3869 397 3934 ile
428 3871 568 3960 pecunia
604 3871 752 3960 Tempu
790 3873 928 3940 Veneris
963 3875 1129 3961 Erycinae

45 3954 158 4020 danda.
215 3949 296 4018 Dia.
317 3964 365 4021 17.
397 3951 442 4016 Et
462 3952 560 4018 Verr.
580 3947 629 4037 Π,
661 3965 720 4032 18.,
755 3958 906 4044 exposito
933 3957 1058 4022 iudicio
1088 3955 1129 4021 de
1217 3973 1219 3980 '

43 4035 181 4122 pecuaria
210 4034 394 4122 palaestrae
422 4035 647 4127 Syracusanae
682 4035 915 4120 adiudicanda,
949 4039 1129 4126 itapergit

46 4119 180 4186 Cicerei
216 4115 372 4201 „Ceteras
409 4113 497 4182 dicas
531 4139 646 4190 omnes
671 4117 732 4186 illo
760 4117 836 4186 loro
861 4120 910 4186 M.
938 4121 1127 4188 Postumiae
