2502 4630
11 535 115 611 mptar
141 534 311 610 appoaets
355 534 511 610 uterque,
556 521 589 586 ei
617 545 639 586 a
675 522 913 610 'eloquendum
938 523 1088 600 venerit,

10 631 52 671 ,ou
72 604 156 695 plus
187 629 292 694 quam
321 605 427 670 semel
451 605 638 694 eloquetur.
697 607 765 676 Cic.
786 607 817 676 (1
840 607 908 672 Off.
931 601 995 685 III,
1038 607 1089 674 15.

10 691 55 754 lbi
85 689 298 754 senteutiam
335 711 451 752 meam
489 687 588 754 vobis
628 713 816 778 peregero,
860 703 935 760 tum
968 688 1091 778 quilm

10 775 99 838 odem
144 769 326 846 lucebunt,
357 773 395 837 ia
414 773 577 838 dextram
596 785 739 862 partem
758 773 869 839 taciti.
882 773 1090 840 transibitis.

10 861 50 922 iv.
77 859 107 923 V
143 863 227 924 .85·
282 856 426 922 Tribues
446 857 501 922 luis
531 859 712 950 temporie,
751 870 921 948 quautam
945 857 1111 948 pateres-0

10 943 48 1008 :ia
66 943 99 1008 d.
119 939 187 1008 Off.
208 940 273 1022 111,
293 945 347 1009 34.
811 987 814 996 ,
1039 959 1044 972 ·

11 435 62 504 loa
91 437 303 504 licitatorem
330 433 504 513 uenditor,
550 455 620 502 aon
641 436 711 586 ‘pai
731 449 855 503 eontra
876 439 909 504 si
928 437 1088 517 licentur,
1149 517 1157 526 ³

10 1155 39 1224 Ie
68 1153 263 1224 Praesente
290 1151 518 1246 conjunctivi
557 1099 627 1247 Paro
660 1153 781 1224 Praes.
818 1163 853 1226 et
886 1151 968 1226 Fut.
1008 1153 1089 1224 Im-

407 1341 409 1348 ’
457 1257 620 1350 peraavi.

62 1417 101 1484 In
130 1415 286 1500 omnibus
318 1430 429 1484 autern
448 1417 528 1484 loeis
552 1428 585 1483 et
605 1441 667 1506 pro
693 1417 864 1484 Praesente
885 1429 916 1482 et
937 1441 999 1508 pro
1019 1417 1087 1485 Fu·
1179 1415 1186 1422 '

9 1526 54 1568 no
74 1503 285 1590 IrnperatIvi,
327 1501 422 1580 lieet,
460 1503 487 1566 si
508 1501 644 1590 quidem
663 1514 796 1590 tempus
817 1502 953 1568 aetionis
973 1525 1090 1592 urgere

9 1589 79 1660 alis,
110 1586 161 1650 uti
180 1589 353 1654 Praesente
376 1584 605 1673 Conjunctivia
626 1587 716 1672 quod
736 1609 815 1673 ergo
837 1581 978 1671 ἀόριστον
999 1609 1088 1676 quo-

9 1669 161 1736 ammodo
183 1681 315 1760 tempus
339 1682 388 1736 est
406 1669 625 1758 ImperatIvi.
650 1669 821 1748 Desiuas,
843 1671 894 1734 sic
915 1683 966 1736 est
986 1693 1089 1759 aage-

9 1755 123 1820 *euium
142 1753 337 1819 mulierum.
380 1753 459 1820 Ter.
480 1753 615 1823 Phorm.
636 1751 669 1830 1,
691 1763 728 1834 2,
750 1761 792 1820 19
812 1791 856 1802 -
876 1749 947 1832 20..
966 1755 1089 1844 (Quod

9 1839 164 1902 riscianus
186 1838 329 1926 explicat
351 1837 468 1904 desine
488 1837 616 1916 XVIII,
642 1843 699 1914 13,
724 1841 816 1920 105).
858 1836 977 1917 Audi,
998 1839 1088 1926 Jup-

10 1923 88 1998 iter,
115 1921 253 1996 audite,
268 1919 384 2010 fiaes,
409 1921 536 1992 audiat
549 1917 627 2010 fas.
670 1922 740 1988 Liv.
762 1920 796 2000 Ι,
819 1929 871 2000 32,
915 1921 958 1986 Si
977 1923 1089 1988 scieas
1201 1987 1204 2000 ,

9 2007 91 2084 alla,
131 2017 206 2070 tum
226 2029 297 2084 me,
334 2005 515 2107 Juppioer,
559 2005 600 2070 0.
626 2005 677 2070 M.
701 2004 855 2082 domum,
879 1997 1088 2157 Quium,

9 2113 52 2152 em
100 2113 119 2154 e
153 2112 267 2154 meam
290 2113 444 2178 pessuma
474 2089 543 2154 leto
572 2087 733 2178 adficias.
766 2087 852 2160 .Liv.
980 2138 992 2169 ‚
1035 2097 1089 2157 53.

8 2171 40 2243 [r.
88 2221 98 2252 ,
140 2177 191 2241 32.
251 2173 383 2238 Teneat
405 2185 524 2238 tamea
544 2193 621 2238 eum
642 2196 797 2248 cursum,
830 2196 929 2262 quem
945 2173 1088 2261 poterit.
1173 2231 1176 2238 .

8 2259 47 2327 lic.
69 2257 129 2328 Or.
150 2265 181 2326 2.
235 2258 313 2340 Quo
334 2256 390 2322 elie
412 2255 462 2322 ael
482 2280 536 2321 me
556 2257 693 2337 venies,
720 2258 753 2321 si
771 2279 825 2322 me
847 2280 963 2336 amaa,
991 2257 1090 2347 apud
1148 2253 1154 2267 ’

8 2365 35 2404 re
55 2365 135 2404 eum
155 2339 225 2406 tuis
245 2363 401 2406 maneas.
456 2331 523 2406 Cic.
545 2339 590 2422 adl
612 2343 677 2410 Aa.
697 2338 761 2420 IV,
797 2345 845 2412 18.
896 2343 986 2408 Lex:
1019 2339 1091 2490 gui

10 2417 165 2490 arentem
187 2449 326 2489 uacasse
342 2423 523 2512 jurliaatus
545 2419 630 2504 eril,
674 2425 703 2488 is
729 2421 911 2490 obvolutus
940 2438 974 2492 et
1000 2449 1020 2490 o
1042 2425 1090 2489 li-

8 2521 88 2574 atus
117 2507 210 2574 cario
237 2507 432 2574 devehatur
459 2509 496 2572 in
525 2509 766 2598 profluentem.
815 2508 912 2573 Rhet.
934 2509 985 2592 fad
1011 2511 1088 2580 Her.

8 2591 474 2670 ,13.csr.Ci0.c.RulL1,
501 2600 539 2670 6,
575 2599 624 2657 17.
646 2591 709 2670 III,
740 2601 778 2671 2,
809 2599 840 2658 7.
892 2591 964 2674 Qui
985 2593 1087 2658 rede·
1203 2651 1214 2664 ,

8 2678 84 2742 ierit
98 2723 108 2753 ‚
144 2675 292 2740 salisdet
314 2675 439 2740 darrzui
458 2670 585 2762 iufeati
603 2675 650 2754 ei,
689 2675 749 2764 qui
769 2698 793 2738 a
813 2686 931 2740 vetere
952 2675 1088 2742 redem-

12 2775 82 2824 tore
112 2757 296 2846 aceeperit.
346 2760 414 2824 cic.
443 2759 538 2824 Verr.
563 2761 598 2827 L.
619 2759 651 2838 1,
695 2760 748 2825 56.
776 2755 899 2847 (Edict,
920 2761 1088 2846 Praetor.)

8 2844 58 2924 ¹lui
77 2843 190 2930 igitur
209 2843 362 2931 adipisci
382 2865 498 2909 aeram
515 2842 673 2932 glorium
692 2842 803 2918 volet,
819 2842 982 2930 justitiae
993 2841 1090 2931 fuu-

8 2939 94 2992 atur
114 2923 253 3014 oficiis.
304 2927 370 2992 Cic.
393 2927 425 2996 d.
447 2926 513 2991 011.
536 2925 584 3007 11,
621 2931 665 2994 13.
715 2925 760 2989 In
782 2948 823 2990 ea
850 2926 999 2992 vulnera
1020 2929 1088 2992 aa

8 3031 130 3073 racemo
156 3010 284 3074 iteras
305 3010 513 3085 brassicam,
557 3033 682 3076 sanum
703 3005 831 3097 faciet.
887 3011 970 3077 Cato
993 3011 1024 3078 d.
1047 3013 1087 3085 R.

8 3139 23 3156 ..
47 3093 320 3174 157,4.Pa]1ad.
344 3092 409 3176 VI,
431 3101 468 3176 7,
492 3099 523 3160 8.

1116 2165 1129 2198 ι
1214 2161 1218 2182 I

113 3311 170 3384 De
205 3311 371 3384 Perfecto
406 3310 614 3406 Imperativi
658 3320 693 3382 et
728 3279 962 3406 Conjunativi·
1013 3356 1016 3364 ·

69 3463 147 3529 Esse
169 3463 267 3530 etiam
288 3473 397 3548 petest
420 3458 455 3528 in
475 3459 595 3528 tarmis
622 3461 756 3548 quidem
774 3466 917 3532 Passiuis
935 3479 969 3533 et
987 3467 1087 3536 Prae·

8 3547 119 3612 iritum
150 3545 334 3614 Panaciam
365 3558 397 3612 et
425 3549 500 3615 Fut.
530 3545 695 3613 Exaetum
716 3549 924 3638 Imperafivi,
968 3553 1088 3642 quibus
1132 3605 1134 3612 ,

8 3655 56 3696 nn
76 3630 247 3719 jubeamus
270 3630 321 3694 vel
342 3653 446 3710 nunc,
468 3629 522 3697 ael
543 3630 577 3693 in
598 3627 720 3698 futuro·
734 3655 803 3700 esse
822 3633 1017 3722 perfactam,
1038 3649 1088 3720 ut,

8 3727 144 3780 artatus
169 3739 204 3780 ea
236 3724 268 3777 et
293 3713 452 3780 hortatus
481 3724 570 3792 eato;
611 3715 669 3780 sed
691 3739 794 3804 quum
815 3719 937 3806 pri0ris
959 3719 1088 3788 formae

8 3799 113 3864 ullum
132 3796 272 3864 viderim
297 3797 507 3886 exemplum,
545 3797 639 3881 (lam
660 3803 750 3866 vera
762 3823 806 3868 ex
826 3803 891 3869 va
909 3805 1088 3894 Zumptia-

8 3905 45 3946 ae
67 3879 388 3963 Gramm.,EdiIIone
408 3903 513 3948 unum
535 3885 712 3970 cognovit·
738 3887 795 3949 ,At
815 3909 879 3950 aas
912 3889 1089 3956 admoniti

8 3967 112 4030 ostris
139 3989 267 4054 quaque
295 3961 431 4030 casibus
459 3977 539 4032 este.
597 3968 695 4032 Ovid.
721 3967 821 4038 Trist.
846 3969 912 4052 IV,
942 3979 979 4054 6,
1010 3977 1086 4060 51.)

8 4049 182 4130 ulterius,
235 4059 340 4114 raeter
360 4049 587 4116 testimonium
607 4051 762 4118 Prisciani
782 4049 890 4143 (VIII,
921 4059 958 4137 8,
979 4059 1031 4126 41.
1054 4053 1087 4124 εί

8 4133 109 4214 LVIII,
130 4139 167 4210 8,
189 4071 276 4220 al),
299 4157 369 4199 non
388 4135 453 4202 nisi
472 4156 577 4200 unum
597 4133 681 4202 illud
702 4136 867 4204 Caesaris:
883 4135 985 4225 iaetu
1004 4142 1087 4208 alea

8 4229 59 4282 rto
85 4219 196 4314 (Suet.
214 4214 280 4287 Jul.
306 4219 397 4288 Caes.
419 4243 446 4293 a.
470 4217 549 4309 82),
581 4241 633 4286 eas
655 4239 726 4288 non
746 4243 843 4292 araus
864 4245 959 4307 snm,
980 4237 1085 4294 ⁴tern—
1108 4231 1112 4242 '
