2488 4640
116 249 178 322 σεε
251 193 258 206 ’

30 470 36 487 ·
119 401 233 504 aethra
245 439 342 522 vesp.
363 447 406 486 ι·-
425 427 509 496 trine
527 382 823 514 metonomia)
844 465 886 481 -
915 427 1034 494 flacchi
1054 467 1096 481 -
1126 429 1222 494 tacere

119 543 161 586 ne
181 517 334 586 homines
356 549 395 568 -
416 511 546 601 vigilius
568 551 607 566 -··
629 507 709 601 quid
728 511 810 600 vidit
831 512 919 578 aliud
933 523 970 577 ὀ.
996 552 1037 564 -
1118 543 1122 557 =

333 877 450 946 xutv.
491 879 533 944 u
551 837 604 944 ὀξ
626 878 666 942 a.
686 873 1040 957 eremmon,-

203 993 208 1006 '
237 983 340 1046 mast
355 987 393 1044 D.
408 986 511 1060 Eleate.
528 1002 563 1042 ac
580 985 660 1040 Poes.
678 983 755 1038 eros
773 983 805 1038 Ρ.
823 985 859 1042 0.
876 988 907 1042 ia
930 987 1020 1042 aeae.
1036 989 1116 1046 teas..

304 1105 522 1216 erremtia
559 1101 750 1174 taantuis
817 1105 1049 1174 academicae.

466 1213 799 1294 [tesa'stis.tsop1s
818 1219 878 1291 11.]
960 1283 969 1302 ·

121 1411 341 1526 Latinitatem
381 1439 595 1506 academicam
633 1440 699 1507 hec
740 1441 816 1508 loco
857 1463 927 1508 non
960 1441 1108 1507 dicimus
1148 1463 1228 1518 eam,

124 1549 224 1618 quam
244 1521 364 1613 singuli
386 1521 524 1590 fortasse
544 1523 697 1595 doctores
720 1525 910 1606 academici,
932 1527 1126 1592 &finarum
1145 1523 1228 1589 litte-

122 1631 235 1678 rarum
255 1607 431 1687 incuriosi,
469 1607 588 1682 suisin
616 1609 747 1698 scriptis
780 1621 948 1698 tamquam
1000 1611 1154 1710 ropriam
1174 1609 1229 1672 sibi

124 1693 306 1772 vindicant,
334 1691 393 1769 scd
413 1711 514 1780 quac,
535 1693 708 1757 communi
752 1694 874 1758 uodam
895 1697 961 1760 Aca
985 1715 1151 1760 emtarum
1170 1711 1228 1756 nso

125 1791 159 1845 et
183 1777 374 1843 auctoritate
399 1785 545 1863 recepta,
586 1775 655 1863 jam
687 1715 813 1841 dudum
843 1779 887 1842 ita
907 1779 1064 1858 invaluit,
1107 1789 1144 1841 m
1165 1797 1230 1842 non

123 1862 230 1930 modo
250 1861 412 1952 pessimae
432 1869 529 1956 notae
550 1858 728 1938 vocabula,
769 1882 887 1926 vcnrm
917 1863 1017 1928 ctiam
1039 1861 1150 1952 proba
1167 1861 1229 1925 im-

122 1945 253 2036 probo,
288 1944 355 2010 hoc
376 1951 441 2020 est,
486 1939 552 2007 auti
576 1963 636 2008 uae
657 1943 887 2016 consuetudini
906 1969 1046 2034 prorsus
1070 1947 1228 2010 contrario

124 2051 224 2096 sensu
253 2051 291 2092 us
358 2037 461 2095 entur.
525 2025 557 2092 N
596 2026 602 2038 ’
664 2027 753 2092 enim
783 2049 853 2092 non
884 2029 1048 2130 indulgeri
1072 2031 1169 2100 ‚solet
1202 2033 1230 2092 in

102 2047 405 2202 'disputatidddrus
441 2104 494 2176 vel
537 2110 770 2200 scriptionibus
790 2103 1022 2193 ⁸·academic'1s,
1072 2114 1228 2178 dnmmo-

126 2197 201 2275 do‚.
231 2217 314 2285 quac
335 2193 457 2260 absone
483 2199 574 2272 sunt,
623 2192 665 2259 ad
698 2193 915 2262 academicam
951 2197 1228 2274 consuetudinem,

125 2280 213 2354 sive,
254 2290 290 2344 ut
317 2279 424 2343 dicere
456 2269 602 2358 malunt,
641 2277 682 2344 ad
712 2279 874 2346 terminos
902 2280 1073 2348 technicos
1108 2281 1227 2346 Acade-

124 2355 269 2430 miarum
301 2359 502 2441 referantur,
544 2361 579 2426 in
617 2361 736 2450 quibus
770 2364 868 2430 verba
902 2363 1030 2430 valcant
1056 2365 1141 2430 sicut
1166 2387 1227 2428 nu-

124 2447 187 2526 mi,
231 2457 264 2512 et
288 2432 406 2513 vitioia
426 2465 573 2533 quaeque
601 2445 638 2509 in
667 2465 746 2512 usus
774 2447 828 2513 vel
859 2449 972 2536 potius
1000 2447 1124 2534 musas
1156 2449 1227 2510 diu-

126 2531 280 2596 turnitate
325 2527 565 2617 paratissimam
619 2531 866 2596 excusationem
917 2531 1069 2597 habeant.
1111 2532 1226 2612 ·an-

125 2635 204 2680 rum
223 2611 463 2680 vocabulorum
483 2628 526 2676 ne
550 2612 623 2702 quis
644 2624 698 2678 aut
717 2615 787 2679 vitu
813 2615 994 2681 arationem
1016 2617 1228 2684 temerariam.

127 2709 183 2766 aut
206 2695 321 2786 fugam
347 2695 480 2786 putidae
512 2706 544 2760 et
567 2695 723 2762 obscurae
746 2635 930 2786 didgmdae
959 2700 1120 2764 indicium
1150 2723 1225 2763 cen·

126 2791 211 2860 seat,
253 2779 333 2870 quid
362 2779 419 2858 sit,
462 2777 553 2866 quod
582 2779 824 2868 deprecandum
853 2781 914 2848 hac
941 2783 977 2846 in
1008 2805 1045 2848 re
1075 2782 1243 2849 rideatur„

127 2863 270 2930 breviter
292 2885 471 2952 exponam.

211 2946 433 3014 Vehementer
451 2945 541 3010 cuim
561 2944 723 3012 abhorreo
746 2947 786 3013 ab
818 2945 917 3014 stulta
937 2951 1135 3015 morositate
1154 2948 1243 3023 ilia-¹

37 3049 40 3058 “
126 3050 224 3109 turn,
246 3031 392 3120 quires,
412 3027 574 3096 ueteribus
595 3029 796 3118 incognitas,
817 3055 836 3098 a
855 3033 1092 3098 recentioribus
1114 3035 1243 3096 insen-t

127 3127 177 3182 tas
204 3116 240 3180 in
275 3135 415 3180 usumve
448 3110 664 3192 introductas,
706 3115 988 3214 circumloquendi
1023 3117 1227 3206 ambiguitate

128 3199 304 3268 obscurare
323 3195 467 3276 malunt,
490 3219 590 3284 quam
607 3198 777 3264 uocabulis
797 3221 910 3278 novis,
942 3201 995 3266 sel
1016 3223 1108 3266 noso
1128 3199 1224 3264 modo

127 3279 341 3372 compositis,
383 3279 548 3359 interdum
579 3299 712 3368 quoquc
731 3283 884 3363 hibridis,
925 3285 983 3348 sed
1004 3283 1154 3349 dilucidis
1177 3295 1225 3344 ts-

127 3387 206 3434 men
226 3385 404 3454 rerumque
427 3363 558 3430 notioni
581 3364 664 3452 aptis
678 3371 729 3471 Ἴ,
772 3368 813 3434 ad
839 3389 1055 3462 communem
1076 3369 1224 3434 omnium

161 3595 189 3664 ⁸>
207 3595 266 3652 flue
281 3599 410 3664 pertinent
426 3599 503 3651 mam
521 3601 648 3654 sonant·
664 3597 779 3664 Graeca,
819 3603 914 3670 quitus
934 3615 1003 3656 secte
1020 3605 1059 3655 nti
1075 3605 1137 3655 licet
1155 3606 1182 3654 ia
1197 3605 1242 3650 is

196 3663 335 3727 doctrinis,
376 3662 488 3736 qoasss'm
517 3670 679 3739 explicationi
709 3689 762 3722 aon
788 3671 883 3722 saiieit
912 3673 1003 3740 dogna
1031 3673 1134 3724 Latias.
1178 3667 1242 3721 set

195 3732 296 3786 Graeca
321 3734 462 3789 admiscere
481 3739 630 3808 elegantiori
647 3741 756 3790 orationi
774 3739 897 3800 Latinae,
914 3758 966 3792 noo
985 3741 1073 3793 minus
1091 3741 1222 3792 aarum

196 3814 249 3863 ast,
284 3819 362 3869 qnam
395 3803 579 3864 Germanicam
609 3807 749 3860 dictionem
784 3809 919 3875 inquinare
952 3811 1037 3861 verbis
1068 3809 1168 3860 Latinis
1190 3809 1222 3856 ret

195 3869 409 3938 Fesneogsllicis:
444 3875 513 3942 quad
538 3875 570 3927 ab
591 3878 731 3942 elegantiae
756 3877 877 3929 studiosis
902 3881 998 3930 merito
1021 3879 1217 3943 manasseto.

195 3937 230 3989 Et
247 3937 337 3991 Cicero
354 3942 460 4008 quidem
480 3963 531 4010 quo
547 3947 573 3996 in
590 3945 722 3997 scribendi
741 3961 854 4013 generes
883 3947 977 4014 quihus
996 3951 1023 3998 in
1044 3949 1134 4008 libris,
1169 3964 1220 4010 quas

151 4003 158 4024 ‘
194 4003 229 4056 ab
245 4021 345 4058 uanas
362 4009 460 4062 Graeca
477 4013 663 4074 immiscuerit,
681 4015 798 4066 noudum
817 4017 877 4078 satia
898 4017 1064 4084 quaesitam.
1092 4029 1160 4068 certe
1180 4031 1219 4062 uos

196 4075 411 4154 itaneancieatum
428 4091 481 4138 est,
506 4093 549 4141 at,
580 4094 707 4149 quantum
724 4085 757 4134 ab
774 4087 899 4149 exquisito
917 4087 989 4138 illins
1007 4086 1104 4148 judicio
1123 4099 1147 4134 et
1164 4096 1220 4134 sats

194 4150 293 4220 ratione
306 4143 419 4224 abierint
432 4149 561 4214 aequiores
581 4153 725 4217 scriptores,
743 4151 775 4201 ab
796 4152 919 4220 omuibus
938 4155 1110 4220 intelligatur.
1146 4153 1220 4203 Frus-

195 4215 278 4269 ΝΜ
305 4215 621 4285 sssptmtmisertpusts,
652 4217 794 4273 dictionem
812 4239 894 4290 qaum
913 4239 944 4274 eo
962 4225 1069 4276 ucruias
1086 4225 1218 4290 simpera-
